3409 5184
1568 471 1965 534 -6-

603 669 902 732 conicere
963 672 1028 730 et
1087 668 1438 731 emendare
1510 684 1706 746 quam
1778 667 1898 729 illis
1968 667 2145 729 libris
2214 668 2456 746 aliquid
2530 667 2940 730 auctoritatis

602 777 888 839 tribuere
940 774 1177 842 mallet.
1230 774 1471 837 Verum
1523 778 1677 854 post
1728 791 1876 836 eum
1929 775 2182 838 exstitit
2216 773 2288 837 C.
2327 775 2388 837 F.
2427 775 2526 836 W.
2564 775 2939 851 MuelleruS,

605 883 711 962 qui
764 882 964 944 libros
1025 881 1305 943 familiae
1340 882 1399 942 D
1448 881 1650 959 pluris
1701 881 2154 944 aestimandos
2225 898 2377 943 esse
2429 884 2677 943 censet.
2770 880 2953 957 „Sed

604 990 868 1050 tamen“
903 991 947 1066 ¹)
1020 987 1227 1066 inquit
1294 987 1664 1065 „optimum
1736 986 2026 1048 cod1'cem
2090 1005 2227 1049 non
2290 987 2384 1048 ita
2431 990 2774 1064 praestare
2832 987 2943 1048 o'e-

606 1094 971 1169 terioribus,
1032 1096 1105 1156 ut
1147 1094 1386 1155 horum
1433 1094 1521 1156 sit
1567 1091 1745 1154 nulla
1792 1094 2173 1170 auctoritas,
2230 1095 2298 1155 in
2343 1095 2448 1157 his
2496 1096 2686 1157 oratt.
2737 1094 2945 1156 multo

603 1199 1024 1262 manifestius
1070 1201 1175 1261 est
1219 1216 1420 1278 quam
1451 1199 1518 1260 in
1550 1197 1861 1261 Sestiana
1908 1199 2247 1278 aliisque.“
2298 1201 2427 1263 Sed
2479 1202 2676 1266 nihilo
2728 1201 2942 1263 minus

606 1316 909 1381 magnam
981 1309 1231 1384 partem
1303 1306 1530 1367 Halmii
1601 1305 1883 1380 vestigia
1950 1309 2344 1384 persecutus
2412 1307 2532 1368 nisi
2603 1308 2950 1385 perpaucis

607 1415 767 1476 locis
818 1414 1163 1476 lectionem
1225 1413 1621 1477 deteriorum
1686 1413 1999 1474 librorum
2067 1413 2255 1491 quasi
2328 1414 2388 1474 in
2464 1414 2756 1478 ordinem
2826 1415 2947 1476 sibi

606 1521 1044 1600 recipiendam
1097 1538 1226 1582 non
1278 1524 1485 1599 putat.
1539 1521 1795 1582 Primus
1848 1521 1987 1582 Alb.
2040 1519 2220 1583 Curt.
2274 1520 2591 1599 ClarciuS,
2642 1522 2748 1600 qui
2800 1525 2949 1584 ante

607 1631 921 1707 quattuor
979 1644 1192 1689 annos
1263 1626 1599 1689 orationes
1670 1627 1893 1706 edidit,
1965 1626 2303 1705 permultis
2355 1627 2514 1689 locis
2564 1629 2950 1706 scripturam

540 1771 554 1786 ·
608 1736 795 1798 codd.
857 1736 922 1806 D,
985 1737 1214 1797 contra
1286 1735 1586 1796 Vaticani
1663 1734 2119 1796 auctoritatem
2194 1752 2323 1796 non
2397 1734 2592 1796 modo
2643 1734 2949 1812 defendit,

607 1861 831 1906 verum
884 1843 1077 1906 etiam
1129 1842 1530 1920 anteposuit.
1567 1841 1759 1914 Quod
1812 1859 2007 1921 quam
2060 1845 2233 1904 recte
2268 1841 2509 1921 fecerit,
2545 1840 2950 1903 subdifficilis

608 1951 811 2012 oritur
863 1951 1188 2028 quaesti0‚
1258 1966 1454 2028 quam
1524 1952 1597 2011 ut
1662 1950 2025 2028 absolvam,
2077 1950 2197 2012 hac
2266 1951 2369 2011 via
2419 1949 2719 2028 progredi
2799 1950 2948 2011 mihi

608 2057 832 2119 liceat:
896 2072 1346 2135 proponamus
1396 2073 1478 2118 ex
1529 2059 1719 2117 oratt.
1774 2056 2010 2117 l—Vlll
2063 2056 2367 2134 exempla
2417 2055 2665 2118 selecta
2724 2056 2951 2118 simul-

608 2180 735 2241 que
785 2165 989 2224 artem
1041 2162 1323 2224 criticam
1375 2165 1766 2223 exercentes
1818 2161 2229 2239 indagemus,
2265 2166 2480 2224 utrum
2533 2163 2721 2224 lectio
2773 2162 2950 2222 Vati-

608 2270 748 2331 cani
801 2286 882 2331 an
931 2268 1210 2330 familiae
1249 2268 1300 2329 D
1351 2268 1819 2346 anteponenda
1866 2269 1951 2329 sit
1986 2267 2173 2346 (Cap.
2212 2269 2275 2346 l).
2330 2269 2390 2339 ln
2444 2285 2574 2346 quo
2611 2269 2952 2347 adparebit

609 2376 932 2440 Clarcium
984 2394 1114 2438 non
1166 2375 1381 2437 solum
1434 2379 1675 2437 rectam
1729 2376 1896 2436 viam
1969 2376 2355 2453 instituisse,
2426 2376 2545 2437 sed
2619 2376 2674 2437 ei
2745 2376 2948 2437 multo

608 2483 871 2557 longius
940 2464 1490 2561 progrediendum
1557 2481 1764 2544 fuisse
1835 2483 1896 2542 in
1965 2481 2305 2560 scripturis
2364 2482 2553 2544 codd.
2597 2483 2656 2543 D
2712 2483 2765 2544 si
2819 2500 2946 2544 non

610 2591 1000 2669 recipiendis
1035 2593 1103 2652 at
1133 2593 1355 2652 tamen
1394 2589 1596 2668 pluris
1631 2590 2083 2668 aestimandiS,
2112 2607 2511 2668 quamquam
2548 2589 2948 2652 Zielinskius

609 2701 956 2760 asseverat
984 2699 1032 2776 2)
1058 2695 1237 2772 „viel
1261 2696 1567 2785 geringer
1590 2696 1680 2757 ist
1711 2695 1814 2757 die
1845 2695 2182 2758 Ausbeute
2211 2695 2325 2757 fiir
2351 2696 2454 2758 die
2478 2695 2951 2773 philippischen

609 2804 837 2874 Reden
857 2823 880 2878 ,·
925 2804 1085 2866 dass
1115 2803 1293 2882 Jetzt
1337 2802 1441 2864 die
1485 2803 1552 2864 K
1546 2801 1724 2864 lasse
1768 2803 1827 2863 D
1883 2803 2068 2864 daal<
2119 2803 2246 2865 den
2300 2803 2777 2880 Bemc'ilwngen
2834 2803 2953 2865 des

610 2909 1107 2988 Herausgebers
1153 2910 1409 2971 reicher
1450 2909 1590 2971 und
1637 2907 1875 2971 besses
1939 2911 2266 2971 vettreten
2330 2910 2434 2985 ist,
2501 2911 2621 2970 liat
2679 2909 2795 2971 scir
2848 2910 2951 2971 die

610 3020 678 3080 K
674 3018 1067 3082 onstituz‘ion
1138 3017 1257 3079 des
1309 3017 1566 3092 TexteS,
1635 3034 1716 3079 so
1724 3018 1878 3078 weit
1938 3017 2043 3078 ich
2106 3017 2280 3078 mich
2326 3015 2497 3078 habe
2546 3017 2954 3094 &berzeugen

613 3127 898 3201 ko'nnen,
987 3125 1141 3186 Rem
1210 3126 1757 3186 nennenswertes
1822 3123 1949 3201 Erg
1958 3121 2145 3185 ebm's
2210 3123 2572 3200 gelieferz‘.“
2610 3124 2658 3202 3)
2733 3124 2951 3186 Altero

614 3232 826 3310 capite
877 3231 1195 3293 accedent
1245 3230 1328 3291 ad
1376 3231 1772 3292 sententiam
1843 3233 2135 3291 nostram
2205 3230 2760 3308 comprobandam
2830 3231 2953 3291 alia

615 3337 1023 3399 testimonia:
1053 3336 1274 3399 critica
1323 3339 1396 3398 ut
1444 3337 1627 3398 aiunt
1675 3336 1907 3398 horum
1959 3336 2266 3398 librorum
2318 3337 2609 3415 historia,
2649 3355 2818 3416 quae
2871 3354 2951 3397 ex

617 3445 1005 3522 scriptorum
1057 3443 1456 3505 testimoniis
1511 3443 1883 3520 innotescit,
1914 3443 2149 3504 deinde
2186 3442 2392 3505 forma
2444 3447 2643 3522 atque
2694 3445 2953 3522 species

615 3551 825 3629 ipsius
856 3550 1147 3612 Vaticani
1198 3551 1462 3613 codicis.
1515 3551 1891 3629 Appendice
1943 3551 2227 3629 denique
2263 3555 2761 3630 componentur,
2784 3569 2953 3630 quae

509 3705 512 3708 .
615 3674 697 3719 ex
749 3657 849 3719 bis
899 3658 1308 3720 orationibus
1375 3657 1550 3735 apud
1618 3657 1783 3719 alios
1851 3658 2206 3734 scriptores
2269 3662 2578 3735 excerpta
2629 3658 2952 3733 leguntur.

614 3764 836 3826 Tertio
917 3764 1214 3842 opusculi
1297 3765 1508 3841 capite
1591 3764 1920 3826 nonnullis
2002 3765 2161 3826 locis
2242 3766 2564 3843 corruptis
2634 3765 2953 3826 medelam

619 3871 815 3933 affere
866 3872 1174 3934 conabor.

831 4011 875 4078 1)
920 4009 1101 4066 Praef.
1140 4011 1262 4066 Vol.
1305 4009 1366 4066 ll.
1406 4012 1454 4066 3.
1497 4026 1623 4081 pag.
1663 4011 1748 4066 99.

831 4097 874 4168 2)
917 4097 1214 4154 Deutscbe
1257 4097 1517 4168 Lit.-Ztg.
1557 4099 1688 4154 1901
1740 4114 1865 4169 pag.
1895 4099 2049 4155 1556.

830 4188 875 4254 3)
917 4187 1191 4243 Similiter
1255 4188 1472 4245 iudicat
1538 4186 1925 4258 Landgrafius
1981 4189 2162 4258 (Burs,
2204 4189 2601 4260 Jahrb.190·2)
2656 4190 2809 4259 „wie
2863 4190 2963 4244 fiir

625 4275 721 4331 dfe
765 4275 1206 4346 Caesarianae,
1247 4293 1318 4332 so
1356 4277 1466 4333 liat
1510 4276 1709 4334 Clark
1744 4277 1844 4332 fiir
1882 4277 1979 4333 die
2024 4277 2484 4347 phillppisclien
2538 4278 2749 4334 Reden
2802 4294 2959 4334 neue

621 4365 1102 4422 Handscliriften
1141 4366 1517 4440 beigezogen
1558 4367 1716 4425 olme
1746 4365 2181 4426 wesentlichen
2209 4365 2486 4422 Einfluss
2514 4367 2634 4430 auf
2649 4366 2746 4428 die
2780 4367 2958 4430 Text-

617 4453 992 4534 gestaltcmg.
