3409 5184
1522 457 1960 519 *72-

1423 703 1644 782 Orat.
1689 705 1772 782 V.
1838 712 1877 802 ἓ
1944 705 2061 780 12.

786 921 1227 1000 Temporibus
1291 924 1445 1000 post
1494 921 1856 983 Caesarem
1930 919 2339 982 interfectum
2410 921 2736 982 Antonius
2806 938 2913 982 ac-

570 1034 762 1109 cepta
811 1029 1088 1108 pecunia
1136 1028 1404 1090 foedera
1453 1029 1622 1106 fecit,
1679 1045 1887 1103 regna
1938 1027 2136 1106 dedit,
2175 1028 2547 1106 provincias
2599 1027 2913 1089 liberavit.

572 1136 858 1215 „quibus
909 1135 1110 1196 rebus
1159 1138 1344 1196 tanta
1395 1135 1674 1213 pecunia
1725 1152 1857 1196 una
1928 1135 1987 1195 in
2062 1134 2258 1196 domo
2329 1138 2719 1196 coacervata
2792 1138 2914 1211 est,

571 1246 642 1304 ut
690 1243 754 1305 si
792 1243 924 1304 hoc
957 1259 1178 1320 genus
1217 1259 1390 1318 pene
1438 1242 1557 1320 (sic
1594 1242 1666 1317 V;
1722 1258 1927 1317 pene:
1978 1259 2104 1303 om.
2159 1241 2237 1318 D)
2306 1241 2365 1301 in
2418 1259 2624 1301 unum
2672 1240 2916 1320 (codd.)

572 1349 924 1426 redigatur,
979 1363 1108 1410 non
1162 1349 1246 1409 sit
1297 1349 1577 1426 pecunia
1627 1348 1873 1427 populo
1928 1348 2224 1410 Romano
2276 1346 2644 1409 defutura.“

789 1491 1053 1568 Locum,
1105 1490 1320 1569 qualis
1372 1491 1432 1551 in
1485 1491 1663 1552 libris
1717 1494 1840 1568 est,
1877 1493 2255 1568 corruptum
2304 1508 2455 1552 esse
2495 1491 2617 1552 iam
2656 1495 2916 1553 veteres

515 1665 518 1669 ,
574 1598 991 1660 humanistae
1044 1601 1108 1659 et
1158 1601 1312 1676 post
1363 1615 1480 1659 eos
1532 1598 1833 1676 permulti
1873 1598 2193 1659 viderunt.
2250 1597 2471 1676 ltaque
2524 1598 2692 1659 alius
2744 1599 2917 1660 aliud

573 1705 852 1768 coniecit
900 1707 1140 1784 (genus
1197 1705 1554 1781 pecuniae:
1620 1705 1932 1782 Ursinus;
2004 1721 2217 1779 genus
2280 1705 2580 1780 rapinae:
2640 1705 2917 1786 Kayser3

573 1813 808 1890 ingens
852 1811 1080 1874 fenus:
1129 1811 1452 1888 l-lalmius;
1497 1828 1791 1888 poenae.-
1841 1811 1997 1873 Kan.
2032 1813 2074 1888 ¹)
2172 1810 2478 1872 Ursinum
2531 1829 2765 1873 omnes
2817 1829 2917 1874 re-

576 1920 906 1981 centiores
958 1919 1247 1982 editores
1309 1919 1517 1980 secuti
1591 1920 1769 1995 sunt,
1845 1918 1965 1978 nisi
2042 1918 2219 1996 quod
2298 1917 2597 1980 Clarcius
2668 1919 2727 1980 in
2802 1919 2914 1981 ad-

577 2027 914 2104 notatione
967 2026 1186 2088 critica
1217 2028 1263 2103 ²)
1316 2025 1625 2104 proponit
1663 2041 1883 2102 genus
1920 2023 2232 2103 praedae,
2271 2026 2715 2088 coniecturam
2770 2027 2917 2090 inde

577 2133 824 2194 scilicet
919 2132 1416 2209 commendanS,
1513 2131 1691 2210 quod
1759 2131 2081 2208 praedam
2158 2132 2451 2210 redigere
2523 2134 2713 2212 quasi
2788 2137 2919 2196 ter-

578 2240 793 2300 minus
863 2239 1204 2302 technicus
1273 2239 1375 2302 sit.
1468 2239 1597 2301 Sed
1649 2239 1805 2318 quid
1853 2239 1985 2301 hoc
2018 2256 2237 2318 genus
2275 2241 2598 2316 pecuniae
2647 2241 2747 2303 vel
2796 2242 2927 2303 hoc

567 2364 786 2425 genus
856 2346 1148 2423 praeciae
1213 2346 1598 2420 significat?
1695 2346 2011 2424 Equidem
2082 2347 2331 2425 dubito,
2415 2351 2629 2408 utrum
2706 2347 2922 2410 valeat

581 2453 744 2531 „das
797 2471 873 2514 so
935 2453 1323 2515 erworbene
1377 2451 1593 2514 Geld“
1646 2453 1746 2515 vel
1800 2453 1947 2530 „die
2018 2470 2095 2514 so
2166 2453 2460 2528 erlangte
2538 2454 2787 2515 Beute“
2838 2471 2918 2515 an

580 2577 709 2622 non
762 2560 1004 2647 potinuS,
1044 2563 1114 2620 ut
1163 2559 1242 2621 ad
1296 2559 1355 2620 id
1408 2559 1875 2636 perveniamus
1927 2559 2027 2621 vel
2079 2559 2462 2622 conciliatae
2496 2561 2597 2622 vel
2650 2563 2923 2622 coactae

579 2667 1048 2745 adpone-ndum
1120 2667 1223 2728 sit.
1256 2666 1304 2745 ³)
1401 2665 1533 2728 Sed
1585 2666 1735 2728 licet
1785 2683 1863 2728 ea
1912 2667 2011 2728 vis
2064 2667 2123 2727 in
2176 2667 2395 2729 verbis
2448 2668 2631 2743 insit;
2708 2668 2921 2746 quid?

581 2791 800 2836 nonne
876 2774 1131 2836 iteratio
1197 2773 1374 2835 verbi
1440 2774 1762 2850 pecuniae
1829 2775 1887 2834 in
1968 2775 2183 2853 spatio
2263 2779 2395 2836 tam
2476 2776 2718 2850 exiguo
2799 2794 2921 2838 nos

582 2880 929 2944 offendet?

796 3006 890 3068 Ad
944 3006 1062 3067 loci
1116 3005 1642 3068 emendationem
1681 3006 1763 3067 ab
1801 3005 1979 3069 initio
2019 3007 2337 3068 enuntiati
2376 3007 2921 3086 proficiscendum

582 3117 704 3174 est.
789 3112 1104 3191 Equidem
1159 3129 1288 3174 non
1343 3111 1570 3174 dubito
1623 3112 1839 3174 dicere
1892 3113 1951 3172 in
2006 3112 2111 3173 illa
2161 3113 2355 3192 thesi,
2409 3132 2578 3192 quae
2630 3133 2667 3176 a
2717 3116 2781 3176 si
2826 3115 2921 3175 in-

583 3221 753 3298 cipit,
829 3219 1031 3281 verba
1099 3221 1286 3281 tanta
1346 3219 1628 3295 pecunia
1691 3220 1926 3298 prioris
1994 3221 2368 3283 sententiae
2438 3221 2657 3299 aliquo
2728 3222 2923 3284 modo

584 3327 944 3404 repetenda
995 3343 1169 3389 esse.
1267 3327 1462 3399 Quod
1539 3344 1668 3388 non
1740 3328 2180 3405 assequimur,
2264 3329 2385 3389 nisi
2456 3345 2599 3390 cum
2673 3328 2923 3390 Halmio

584 3434 644 3494 in
694 3433 825 3495 hoc
859 3451 1078 3511 genus
1126 3433 1366 3495 vulnus
1418 3437 1750 3512 putamus,
1836 3433 2150 3512 Halmius,
2219 3438 2289 3496 ut
2337 3435 2521 3513 coepi
2574 3436 2811 3513 dicere,
2865 3437 2923 3496 in

584 3541 800 3602 animo
853 3540 1082 3603 habuit
1129 3541 1364 3617 ingens
1409 3541 1621 3620 fenus,
1671 3540 1978 3619 equidem
2028 3541 2159 3603 hoc
2202 3542 2435 3619 ingens
2475 3541 2758 3618 pondus.
2786 3543 2835 3621 ⁰¹)

799 3683 964 3745 Tum
1028 3685 1192 3746 inter
1261 3701 1492 3746 omnes
1560 3685 1736 3746 viros
1805 3685 2040 3746 doctos
2106 3687 2369 3746 constat
2445 3685 2790 3746 lectionem
2863 3686 2929 3746 in

585 3809 791 3852 unum
839 3790 1096 3852 defendi
1151 3808 1280 3853 non
1333 3808 1558 3869 posse,
1613 3809 1803 3869 „cum
1857 3791 1960 3852 illa
2012 3790 2310 3868 pecunia,
2349 3794 2420 3852 ut
2456 3791 2687 3853 Cicero
2740 3792 2923 3870 dixit,

803 3999 844 4068 ¹)
889 3998 1101 4054 Mnem.
1143 4001 1272 4056 1881
1323 4016 1448 4070 pag.
1490 4002 1610 4056 314.

801 4087 844 4157 2)
887 4087 1036 4143 idem
1081 4089 1135 4143 in
1175 4088 1316 4144 The.
1361 4088 1446 4144 Cl.
1493 4089 1633 4146 Rev.
1677 4091 1817 4146 1900
1856 4107 1969 4160 pag
2026 4091 2144 4148 405.

802 4177 846 4246 3)
889 4181 952 4232 ut
979 4176 1130 4232 Verr.
1163 4177 1216 4232 ll.
1260 4178 1292 4246 ξ
1331 4177 1462 4247 141;
1501 4177 1652 4233 Verr.
1685 4177 1772 4234 ΙΙΙ.
1816 4182 1847 4248 ξ
1886 4181 2007 4234 223.

802 4266 846 4335 4)
888 4266 960 4322 ad
990 4281 1314 4322 sermonem
1347 4267 1612 4323 conferas
1643 4267 1775 4324 Hor.
1808 4267 1928 4324 Sat.
1965 4267 2025 4324 ll.
2054 4269 2163 4336 3111
2205 4269 2288 4338 „si
2332 4269 2463 4338 quis
2504 4269 2576 4325 ad
2618 4269 2931 4340 ingentem

585 4354 854 4410 frumenti
897 4369 1125 4424 semper
1167 4356 1496 4411 acervum.“
1525 4355 1731 4412 Cicero
1762 4357 1885 4429 ipse
1917 4357 2055 4413 dicit
2083 4362 2225 4414 orat.
2256 4357 2312 4413 ll.
2343 4360 2374 4427 ,Q
2402 4360 2499 4414 66:
2524 4373 2931 4432 permagnum

587 4475 652 4484 ——
697 4444 940 4516 pondus,
