3409 5184
1420 488 1866 568 ·—†5...

473 685 650 764 tonis
701 704 920 764 aetate
991 701 1540 764 consuetudinem
1591 700 1846 765 dicendi
1917 719 2145 781 parum
2214 701 2335 766 sibi
2404 702 2808 768 constitisse.

471 809 778 871 MIramur
827 812 1046 871 autem
1098 809 1221 870 hos
1272 809 1472 871 libros
1541 809 1693 871 item
1758 809 2069 872 exhibere
2132 805 2433 874 or.'Phii.
2484 811 2699 891 x11.§
2750 812 2807 874 4.

470 935 594 996 „ne
646 917 699 978 si
753 917 812 978 in
865 920 1140 979 senatus
1191 916 1453 994 quidem
1507 918 1912 995 potestatem
1958 916 2245 980 futurum
2296 935 2369 980 se
2420 918 2720 980 dixerit.“

1305 1218 1524 1296 Orat.
1572 1218 1677 1295 ΙΙΙ.
1742 1225 1781 1315 ξ
1840 1218 1971 1295 25.

683 1436 851 1516 „Qui
905 1436 1075 1497 enim
1126 1434 1413 1513 periculo
1465 1451 1686 1496 carere
1738 1450 2099 1512 possumus
2152 1433 2211 1494 in
2257 1436 2439 1495 tanta
2473 1433 2810 1496 hominum

470 1544 822 1622 cupiditate
875 1546 940 1604 et
989 1542 1264 1604 audacia
1287 1542 1363 1602 ?“
2166 1552 2169 1556 ⁴

683 1667 786 1730 Sic
839 1667 1216 1728 Vaticanus,
1291 1664 1423 1727 Sed
1475 1666 1650 1742 quod
1704 1666 1763 1726 in
1818 1666 1869 1726 D
1920 1668 2143 1727 exstat
2188 1667 2372 1727 metu
2418 1667 2485 1727 et
2521 1664 2813 1742 persculo

470 1775 692 1836 nescio
745 1791 825 1835 an
878 1774 1125 1852 optimo
1178 1772 1313 1833 iure
1359 1773 1549 1834 scribi
1596 1772 1826 1851 possit.
1880 1771 2107 1845 Quid?
2143 1788 2361 1833 nonne
2399 1771 2458 1832 in
2494 1771 2809 1834 Vaticano

469 1882 806 1959 permultis
875 1881 1036 1942 iocis
1104 1880 1305 1941 verba
1375 1879 1967 1957 interciderunt?¹)
2034 1896 2163 1940 non
2215 1879 2563 1940 verborum
2632 1895 2810 1940 com-

470 1989 686 2067 plexio
736 1991 956 2050 metus
1003 1990 1069 2048 et
1104 1987 1468 2065 periculum
1515 1985 1648 2048 fere
1699 1985 2037 2047 sollemnis
2089 1989 2191 2047 est
2258 1985 2433 2063 apud
2503 1989 2809 2047 auctores

470 2097 786 2158 orationis
857 2096 1150 2156 solutae?
1248 2095 1388 2172 lpse
1459 2093 1690 2155 Cicero
1764 2094 1823 2153 in
1894 2110 1984 2154 or.
2039 2092 2196 2154 Phil.
2249 2092 2460 2172 V11.§
2510 2093 2590 2153 27
2660 2091 2812 2154 dicit

470 2206 706 2281 „potes
754 2203 813 2262 in
851 2206 1239 2280 perpetuum
1278 2218 1412 2262 rem
1449 2200 1775 2278 publicam
1810 2203 1995 2261 metu
2027 2202 2094 2261 et
2131 2199 2421 2277 periculo
2470 2199 2809 2261 liberare.“

471 2309 560 2369 Ex
630 2309 865 2370 ceteris
936 2308 1346 2380 orationibus
1415 2308 1586 2369 addo
1661 2308 1825 2369 haec
1897 2307 2243 2392 exempla:
2319 2306 2497 2368 Verr.
2552 2306 2586 2366 Ι.
2639 2288 2689 2384 ξ
2728 2306 2807 2366 47

470 2433 684 2494 „nunc
733 2419 952 2476 tamen
1007 2416 1066 2475 in
1118 2417 1300 2476 metu
1341 2414 1763 2492 periculoque
1810 2417 1925 2476 tuo
1987 2417 2250 2476 tuorum
2312 2412 2424 2474 tibi
2488 2412 2809 2474 scelerum

468 2522 689 2583 veniat
757 2523 815 2583 in
893 2525 1198 2583 mentem.
1296 2521 1469 2583 Sest.
1522 2522 1559 2599 ξ
1613 2522 1692 2582 17
1755 2521 1860 2598 „in
1932 2520 2036 2581 iilo
2106 2535 2365 2581 summo
2436 2517 2669 2579 timore
2734 2525 2816 2577 ἃς

458 2628 750 2706 ‚periculo
799 2629 1146 2691 civitatis.“
1201 2629 1326 2690 ibd.
1378 2630 1415 2707 ξ
1466 2628 1548 2690 35
1601 2644 1790 2705 „cum
1845 2677 1907 2688 ..
1949 2677 1960 2688 .
2012 2626 2114 2688 alii
2165 2627 2348 2687 metu
2406 2626 2472 2686 et
2520 2622 2811 2701 periculo

471 2739 914 2797 tenerentur.“
1012 2753 1102 2796 or.
1156 2754 1247 2814 pr.
1301 2735 1559 2808 Quinct.
1629 2735 1667 2814 ξ
1737 2733 1819 2796 59
1890 2732 2178 2812 „diutius
2248 2733 2308 2792 in
2376 2733 2559 2792 tanto
2629 2732 2811 2790 metu

470 2843 666 2904 miser
707 2842 1128 2920 periculoque
1175 2842 1522 2903 vexabitur
1545 2843 1620 2901 ?“
1684 2857 1775 2918 pr.
1830 2840 1990 2901 Mur.
2043 2841 2081 2919 ξ
2131 2839 2213 2901 52
2265 2854 2454 2916 „cum
2519 2837 2577 2897 in
2628 2839 2811 2898 metu

471 2951 537 3010 et
574 2949 864 3026 periculo
914 2950 1253 3011 consulem
1304 2949 1665 3010 viderent.“

1314 3248 1532 3326 Orat.
1581 3246 1683 3323 111.
1749 3253 1787 3345 ἓ
1848 3247 1970 3324 32.

685 3488 780 3565 „A
861 3491 1070 3564 tergo,
1151 3484 1383 3562 fronte,
1459 3483 1775 3546 lateribus
1845 3481 2195 3559 tenebitur,
2269 3480 2321 3540 si
2394 3479 2452 3539 in
2529 3477 2806 3540 Galliam

468 3595 782 3655 venerit.“

683 3717 930 3780 Contra
980 3719 1270 3781 Vaticani
1323 3717 1782 3779 auctoritatem
1833 3713 2036 3775 totius
2087 3711 2207 3773 loci
2261 3713 2589 3772 structura
2649 3726 2806 3787 pos-

469 3826 729 3904 tulatur,
805 3830 874 3887 ut
945 3826 1133 3887 lectio
1203 3825 1389 3886 codd.
1444 3826 1495 3885 D
1556 3841 1643 3905 „a
1696 3826 1905 3898 tergo,
1955 3837 1995 3880 a
2058 3818 2289 3896 fronte,
2340 3835 2380 3879 a
2427 3816 2803 3898 lateribus“,

470 3933 834 4011 recipiatur.
863 3935 910 4012 2)

683 4058 853 4120 idem
934 4058 1118 4120 locus
1199 4057 1404 4119 altera
1484 4057 1735 4118 ratione
1810 4043 2201 4132 permultum
2293 4049 2644 4113 contribuit
2724 4047 2805 4108 ad

469 4166 730 4227 codices
789 4164 1067 4226 familiae
1143 4165 1194 4225 D
1270 4167 1443 4225 recte
1518 4162 1990 4224 aestimandos,
2088 4157 2391 4219 Traditur
2459 4155 2628 4216 enim
2702 4153 2805 4216 his

683 4395 724 4464 ¹)
766 4394 851 4449 De
892 4408 1008 4462 qua
1047 4409 1103 4448 re
1144 4393 1301 4449 brevi
1343 4391 1638 4462 copiosius
1680 4387 1985 4444 dicendum
2030 4386 2148 4442 erit.

681 4483 725 4554 2)
767 4481 1088 4538 alteribus:
1129 4481 1221 4550 Vl,
1262 4496 1332 4537 an
1376 4495 1504 4535 cum
1547 4479 1595 4533 D
1638 4477 2062 4533 consentiens?
