3409 5184
1451 515 1889 581 -23-

1342 728 1561 806 Orat.
1604 728 1779 806 v111.
1845 734 1883 826 g
1944 731 2013 805 4.

717 929 827 1007 „Si
898 929 1068 991 enim
1138 929 1284 991 belli
1356 945 1616 991 nomem
1685 928 1968 1006 tolletur,
2044 928 2543 1006 municipiorum
2625 928 2844 990 studia

502 1034 879 1098 tollentur.“
931 1035 1035 1098 Sic
1073 1036 1381 1098 editores,
1417 1035 1777 1097 Vaticanus
1824 1034 2128 1097 exhibet:
2180 1035 2841 1112 tolleitur-tolleman

505 1141 576 1202 D.
627 1141 1238 1204 tollitur-tolluntur
1278 1145 1387 1220 (ex
1438 1143 1635 1203 entur
1676 1142 1814 1204 cod.
1866 1141 1940 1220 Ι).

723 1246 1061 1309 Tollentur
1135 1265 1216 1309 ex
1298 1248 1612 1311 Vaticano
1694 1249 2137 1327 recipiendum
2209 1265 2383 1326 esse,
2458 1249 2841 1326 praesertim

502 1370 647 1415 cum
699 1355 892 1416 etiam
945 1354 1004 1415 in
1057 1371 1189 1417 uno
1242 1355 1401 1416 libro
1450 1354 1729 1417 familiae
1783 1355 1834 1416 D
1885 1355 1977 1416 sic
2028 1355 2340 1432 scriptum
2401 1354 2607 1418 fuisse
2658 1354 2842 1418 Clar-

502 1460 641 1522 cius
693 1460 1008 1539 adfirmet,
1045 1460 1349 1539 equidem
1403 1479 1531 1523 non
1571 1479 1763 1535 nego.
1817 1460 1949 1523 Sed
1984 1460 2337 1524 videndum
2375 1478 2528 1523 esse
2573 1478 2840 1540 cense0,

503 1585 654 1628 num
706 1568 910 1630 altera
960 1568 1282 1646 scriptura
1334 1566 1521 1630 codd.
1561 1568 1612 1629 D
1658 1566 1912 1629 tollitur
1958 1570 2090 1628 tam
2154 1570 2401 1629 temere
2468 1567 2841 1645 spernenda

501 1673 602 1735 sit.
685 1674 888 1736 Velim
958 1674 1280 1753 conferas,
1352 1675 1505 1754 quid
1573 1675 1645 1737 C.
1698 1676 1761 1737 F.
1800 1675 1897 1736 W.
1950 1674 2304 1737 Muellerus
2356 1675 2435 1736 ad
2488 1673 2694 1736 Cicer.
2747 1675 2839 1736 De

501 1780 621 1844 Off.
675 1781 712 1844 l.
765 1783 803 1862 ξ
855 1783 980 1843 106
1032 1786 1276 1860 „atque
1328 1783 1523 1844 etiam
1575 1783 1627 1843 si
1681 1782 2101 1844 considerare
2153 1781 2479 1860 volumuS,
2539 1798 2709 1859 quae
2760 1781 2844 1842 sit

502 1888 561 1948 in
637 1892 870 1951 natura
950 1888 1340 1950 excellentia
1419 1892 1484 1951 et
1555 1889 1861 1967 dignitas,
1937 1888 2415 1966 intellegemus,
2490 1904 2685 1965 quam
2759 1888 2842 1949 sit

498 1997 687 2073 turpe
768 1993 1060 2057 diffluere
1141 1996 1396 2058 luxuria
1469 1999 1534 2058 et
1600 1996 1876 2058 delicate
1950 2012 2023 2057 ac
2086 1995 2364 2057 molliter
2411 1995 2673 2057 vivere“
2724 1995 2840 2056 ad-

500 2102 830 2163 notaverit
877 2152 914 2184 ,‚
930 2101 1237 2165 volumus
1281 2103 1372 2165 ist
1418 2104 1699 2181 υηηόἐιζξ
1723 2103 1893 2164 nach
1925 2102 2299 2165 schlechten
2329 2101 2842 2164 Handschriften

497 2209 564 2270 Ῐη
618 2208 916 2271 volemus
951 2209 1297 2288 gea‘no'ert.
1377 2209 1742 2290 Allero'l’ngs
1787 2211 1967 2273 steht
2010 2211 2077 2272 Ῐη
2125 2209 2589 2272 Nebensaitzen
2636 2208 2839 2287 regel-

496 2317 754 2395 maissljg
794 2316 918 2379 das
961 2316 1301 2393 Futurum,
1355 2334 1545 2379 wem?
1593 2317 1718 2380 das
1773 2317 2049 2381 Verbum
2096 2317 2216 2379 des
2258 2317 2708 2394 Hauptsatzes
2750 2317 2841 2378 im

494 2422 815 2484 Futurum
861 2423 1057 2502 steht,
1109 2424 1308 2486 meist
1350 2424 1540 2500 auch,
1594 2441 1785 2486 wetm
1847 2423 2150 2486 dasselbe
2198 2423 2386 2485 einen
2432 2424 2841 2486 futurisclzen

431 2617 434 2619 Α
495 2529 660 2591 Sitm
707 2530 839 2612 hat,
916 2531 984 2591 in
1028 2530 1344 2594 Befehlen
1393 2549 1452 2592 ιι.
1489 2549 1539 2593 s.
1582 2550 1656 2593 w.
1681 2551 1705 2604 ,·
1793 2531 2178 2608 notwenmgg
2227 2529 2392 2593 aber
2454 2548 2586 2591 nur
2644 2531 2839 2605 damn,

503 2654 692 2699 wem)
761 2637 865 2699 die
927 2638 1072 2700 Zel‘t
1135 2638 1254 2700 des
1319 2637 1775 2700 Nebensatzes
1839 2637 2086 2700 ebenso
2148 2636 2675 2699 ausschliesslich
2738 2638 2841 2700 die

494 2744 796 2807 Zuktmft
838 2745 942 2820 ist,
997 2745 1118 2807 wie
1163 2745 1267 2807 die
1314 2745 1435 2807 des
1477 2744 1995 2822 Hauptsatze8.“
2072 2744 2428 2806 Muellerus
2479 2745 2618 2823 ipse
2669 2745 2836 2807 hanc

500 2869 690 2914 suam
727 2853 1232 2930 explicationem
1270 2852 1534 2914 duobus
1570 2853 1863 2914 tribusve
1901 2851 2221 2930 exemplis
2256 2852 2594 2930 probavit;
2646 2853 2836 2930 equi-

498 2959 645 3020 dem
695 2958 907 3021 facere
960 2977 1089 3021 non
1143 2977 1441 3038 possum,
1516 2960 1670 3038 quin
1723 2958 1860 3020 viro
1912 2959 2296 3020 doctissimo
2349 2959 2539 3037 plane
2591 2960 2834 3021 adsen-

497 3066 636 3144 tiar,
688 3083 832 3129 cum
885 3065 1185 3145 perfacile
1237 3067 1321 3127 sit
1370 3067 1674 3144 exempla
1725 3083 1808 3127 ex
1858 3066 2001 3127 aliis
2052 3066 2453 3143 auctoribuS,
2522 3067 2702 3128 velut
2752 3085 2834 3129 ex

497 3172 752 3235 Seneca
801 3173 1087 3236 Rhetore
1139 3177 1204 3235 et
1254 3174 1510 3236 Seneca
1559 3172 1965 3250 philosopho
2016 3173 2338 3250 permulta
2389 3172 2652 3235 addere.

708 3280 907 3342 Vides
967 3279 1217 3342 tollitur
1261 3331 1271 3342 .
1329 3331 1340 3342 .
1404 3331 1414 3343 .
1467 3280 1782 3342 tollentur
1832 3280 2089 3354 legibus
2140 3280 2580 3354 grammaticis
2632 3282 2832 3343 satis-

495 3387 726 3449 facere.
789 3387 1055 3449 Accedit
1127 3387 1320 3448 aliud.
1419 3387 1601 3448 lnitio
1681 3387 1887 3448 totius
1967 3385 2086 3447 loci
2169 3403 2489 3464 praesens
2569 3390 2833 3464 tempus

496 3493 844 3556 adhibetur
914 3493 1202 3572 (damus)
1277 3511 1488 3572 aeque
1540 3497 1740 3571 atque
1792 3496 2086 3554 extrema
2138 3496 2319 3571 parte
2370 3493 2467 3570 „si
2520 3510 2643 3554 nos
2691 3492 2832 3555 lan-

487 3601 889 3683 guescimus,
929 3601 1303 3663 debilitetur
1349 3617 1622 3663 necesse
1670 3602 1836 3662 est.“
1888 3600 2075 3673 Quae
2127 3617 2272 3662 cum
2325 3601 2411 3661 ita
2460 3601 2609 3679 sint,
2648 3602 2832 3679 equi-

495 3707 643 3769 dem
696 3708 1077 3770 crediderim
1115 3707 1365 3770 tollitur
1391 3725 1611 3769 veram
1649 3725 1803 3769 esse
1839 3707 2177 3771 Ciceronis
2214 3724 2498 3785 manum,
2536 3708 2833 3770 librarios

496 3815 792 3877 codicum
841 3815 1122 3878 familiae
1177 3816 1247 3897 D,
1289 3819 1359 3876 ut
1408 3814 1627 3893 aliquo
1664 3815 1860 3877 modo
1898 3815 2315 3876 concinnitati
2352 3815 2830 3894 satisfacerent,

493 3922 800 3985 traditum
883 3922 1199 3984 tollentur
1272 3923 1636 3984 mutavisse
1721 3923 1779 3983 in
1856 3921 2185 3984 tolluntur.
2282 3921 2469 3994 Quae
2552 3923 2831 4000 exposui

494 4029 780 4092 editores
832 4047 1064 4092 omnes
1115 4029 1500 4092 confirmare
1553 4031 1877 4107 videntur,
1914 4047 2060 4092 cum
2112 4029 2505 4090 simillimum
2542 4029 2755 4092 locum
2785 4033 2829 4109 1)

491 4137 583 4198 sic
638 4137 964 4199 edendum
1016 4142 1334 4199 censeant
1384 4154 1558 4216 „qua
1608 4154 1674 4198 re
1726 4137 1778 4197 si
1832 4153 1993 4214 pace
2044 4135 2162 4197 frui
2214 4135 2541 4215 volumem,
2590 4137 2827 4198 bellum

489 4243 848 4318 gerendum
886 4245 1014 4319 est;
1043 4244 1096 4305 si
1134 4244 1373 4306 bellum
1411 4243 1868 4321 om1·tt1·mus,2)
1899 4260 2058 4321 pace
2097 4259 2430 4321 nunquam
2467 4243 2827 4305 fruemurf‘

702 4420 746 4486 1)
789 4422 930 4474 orat.
974 4418 1116 4474 Phil.
1158 4418 1272 4474 Vll.
1314 4418 1349 4491 g
1386 4419 1470 4474 19.

700 4509 744 4578 ²)
787 4507 1150 4566 omittimus:
1185 4508 1250 4580 V;
1290 4508 1663 4567 omittemus:
1699 4507 1830 4579 bnt;
1872 4507 2248 4566 omittamus:
2286 4506 2316 4564 l.
