3409 5184
1439 506 1885 567 *77*-

492 703 830 766 zwischen
884 705 1096 765 rustet
1145 701 1311 766 euch
1376 707 1533 780 (vos
1578 720 1744 781 saga
1785 705 2023 780 parate
2066 705 2112 781 §
2162 705 2243 784 9),
2320 703 2423 764 ein
2486 702 2835 773 Gedanke.

492 811 608 872 der
666 809 984 872 zweifach
1046 809 1289 888 positiv
1338 810 1793 884 ausgedruckt
1844 809 1965 872 ist:
2016 809 2538 872 succurrendum
2604 813 2708 873 est
2762 811 2834 872 D.

489 916 734 988 Bruta·
779 916 1005 993 copiae
1051 915 1340 992 undique
1388 912 1805 993 colltgendae,
1859 916 2033 978 dann
2086 916 2351 992 negativ
2388 916 2650 994 „nicbts
2700 915 2841 978 dari

494 1022 922 1084 verabsaumt
970 1021 1265 1098 werden,
1335 1038 1442 1083 wo
1495 1038 1570 1084 es
1621 1022 1757 1100 gilt,
1828 1023 2021 1085 einen
2093 1021 2367 1085 solchen
2438 1023 2690 1097 Burger
2754 1040 2837 1084 zu

495 1127 850 1191 beireien.“
904 1128 1146 1190 Diesen
1198 1127 1575 1193 Gedanken
1622 1129 1984 1204 gewinnen
2022 1130 2142 1191 wir
2177 1129 2381 1192 durch
2418 1130 2565 1192 eine
2603 1130 2837 1192 leichte

496 1223 856 1309 ssnderung
905 1235 1020 1297 der
1072 1224 1569 1310 Uberlieferung
1599 1253 1875 1316 „curam
1912 1237 2223 1299 exhibere
2260 1236 2503 1298 nullam
2542 1286 2553 1298 .
2594 1287 2605 1298 .
2646 1286 2657 1298 .
2707 1252 2836 1298 non

497 1344 925 1421 possumuS.“
978 1340 1116 1403 Non
1168 1342 1311 1404 sine
1364 1359 1568 1404 causa
1621 1341 1830 1420 ipsius
1868 1341 2327 1405 l-lirschfelderi
2367 1342 2568 1404 verba
2618 1343 2837 1420 attuli;

497 1468 644 1513 nam
712 1450 988 1511 mutatio
1039 1452 1143 1511 est
1190 1452 1322 1512 tam
1375 1449 1669 1528 elegans,
1724 1454 1793 1512 ut
1845 1451 2069 1513 nescio
2122 1468 2203 1514 an
2256 1468 2387 1513 non
2439 1451 2678 1529 desint,
2730 1452 2838 1530 qui

497 1557 701 1634 primo
754 1556 989 1618 obtutu
1041 1556 1217 1618 nulla
1287 1573 1469 1618 mora
1542 1557 1932 1636 interposita
2001 1575 2038 1620 a
2107 1558 2405 1635 partibus
2473 1559 2839 1621 doctissimi

497 1663 608 1723 viri
661 1666 857 1724 stent.
935 1661 1067 1724 Sed
1117 1679 1263 1724 cum
1315 1663 1792 1726 sententiarum
1844 1661 2137 1726 ordinem
2190 1665 2562 1727 accuratius
2614 1665 2836 1743 perlu-

501 1770 951 1847 straverimus,
990 1769 1164 1831 illum
1201 1770 1502 1844 argutius
1539 1787 1736 1851 quam
1774 1771 1995 1833 verius
2031 1771 2435 1833 disseruisse
2470 1771 2836 1850 apparebit.

497 1877 724 1951 Quid?
819 1875 1314 1958 Ciceronemne,
1362 1877 1470 1956 qui
1524 1878 1648 1940 hoc
1699 1877 1939 1940 bellum
1992 1895 2291 1941 summae
2343 1879 2693 1941 celeritatis
2746 1879 2843 1940 in-

497 1986 718 2060 digere
772 2001 1040 2047 monere
1093 2001 1429 2063 nunquam
1490 1985 1835 2062 destiterit,
1904 1985 1991 2046 ita
2041 2002 2318 2063 pergere
2384 1985 2721 2064 iaciemus,
2776 1989 2844 2047 ut

499 2109 762 2152 omnem
846 2092 1247 2166 diligentiam
1330 2093 1409 2154 ad
1491 2109 1672 2154 arma
1752 2092 2046 2170 paranda
2126 2091 2590 2154 conferendam
2690 2111 2841 2156 esse

499 2198 727 2260 dicat?
823 2197 980 2260 Nam
1034 2198 1158 2260 hoc
1210 2216 1411 2259 unum
1465 2199 1717 2260 inesset
1788 2199 1845 2258 in
1919 2198 2137 2260 verbis
2208 2199 2289 2262 ab
2361 2198 2841 2262 Hirschfeldero

498 2305 691 2382 datis,
771 2305 878 2383 qui
934 2305 1072 2383 ipse
1124 2305 1276 2367 dicit
1325 2323 1552 2366 curam
1601 2304 1909 2367 exhibere
1978 2304 2146 2368 idem
2215 2305 2583 2380 significare
2645 2311 2842 2385 atque

500 2409 896 2488 diligentiam
945 2409 1268 2472 exhibere.
1363 2411 1598 2484 Quid?
1673 2428 1828 2472 num
1892 2411 1996 2473 illa
2069 2412 2447 2474 coniectura
2518 2430 2664 2475 cum
2735 2429 2843 2473 se·

500 2517 856 2596 quentibus
907 2518 1123 2580 verbis
1199 2535 1366 2596 „nos
1416 2518 1710 2580 amissos
1758 2519 1858 2579 tot
1916 2519 2058 2580 dies
2124 2519 2212 2580 rei
2284 2520 2616 2594 gerendae
2681 2536 2843 2598 que-

501 2628 760 2688 remur“
813 2625 1169 2700 congruit?

713 2788 839 2850 lam
892 2786 1080 2848 velim
1150 2786 1450 2849 conferas
1524 2787 1729 2848 hosce
1800 2786 2018 2848 locos:
2090 2805 2179 2848 or.
2220 2787 2291 2848 V.
2345 2784 2381 2869 §
2434 2788 2505 2848 31
2569 2803 2839 2863 „verum

501 2895 855 2974 praeterita
907 2895 1328 2956 omittamus:
1391 2895 1674 2956 etiamne
1728 2893 1896 2954 hanc
1948 2911 2217 2972 moram,
2252 2895 2294 2970 ¹)
2346 2893 2498 2954 dum
2550 2892 2845 2970 proficis-

502 3006 732 3064 cantur
781 3002 997 3080 legati,
1049 3002 1202 3063 dum
1255 3003 1758 3065 revertantur?“
1811 3018 1901 3063 or.
1941 3001 2012 3062 V.
2066 3000 2103 3085 ξ
2156 3004 2238 3064 33
2292 3000 2525 3079 „bello,
2580 3001 2844 3079 inquam

503 3109 969 3170 decertandum
1041 3111 1144 3169 est
1217 3108 1410 3186 idque
1481 3107 1894 3169 confestim.“
1960 3126 2051 3169 or.
2109 3109 2179 3169 V.
2250 3107 2420 3191 §53
2472 3107 2845 3185 „celeritate

502 3219 722 3278 autem
774 3233 944 3294 opus
995 3218 1170 3291 est;“
1223 3233 1313 3276 or.
1352 3215 1448 3276 Vl.
1500 3213 1610 3298 §2
1664 3215 1950 3293 „nullam
2004 3232 2249 3278 moram
2304 3214 2845 3290 interponendam

435 3369 442 3378 .
505 3321 893 3400 insequendi
947 3322 1026 3383 Μ.
1067 3323 1418 3382 Antonium
1446 3321 1493 3397 ²)
1541 3322 1831 3398 putavi.“
1884 3321 2055 3394 Quid
2109 3321 2227 3382 illis
2279 3321 2437 3382 locis
2489 3320 2848 3399 probatur?

504 3428 843 3490 Ciceronis
895 3429 1094 3490 verba
1144 3429 1328 3490 aliter
1381 3428 1871 3505 interpretanda
1924 3446 2076 3490 esse
2138 3433 2335 3506 atque
2413 3428 2472 3488 id
2541 3427 2716 3488 hunc
2787 3427 2845 3486 in

506 3535 769 3596 modum
793 3557 811 3606 ⁴:
864 3536 1177 3613 „Legatio
1230 3537 1310 3599 ad
1348 3536 1702 3598 Antonium
1754 3536 2019 3599 decreta
2055 3554 2120 3598 re
2159 3553 2312 3597 vera
2349 3534 2589 3612 aliquid
2627 3551 2847 3595 morae

507 3640 746 3702 habet:
819 3645 886 3703 at
936 3643 996 3702 in
1047 3642 1156 3704 tali
1211 3643 1348 3704 cive
1401 3642 1740 3704 liberando
1791 3646 2056 3720 tempus
2108 3642 2379 3720 perdere
2434 3639 2617 3702 nefas
2681 3642 2847 3701 est.“

508 3747 680 3810 Haec
734 3749 1181 3826 interpretatio
1234 3748 1384 3809 mihi
1438 3748 1625 3810 unice
1679 3765 1835 3808 vera
1886 3765 2038 3808 esse
2091 3747 2365 3824 videtur,
2413 3750 2482 3808 ut
2530 3745 2664 3808 fieri
2718 3763 2847 3807 non

507 3856 738 3932 possit,
765 3855 919 3933 quin
952 3856 1196 3918 Budaei
1225 3856 1654 3917 mutationem
1683 3855 1873 3932 quasi
1900 3854 2199 3931 arripiam
2226 3854 2551 3931 edamque
2579 3853 2848 3930 „horam

508 3962 859 4023 eximere.“
934 3961 1104 4035 Quid
1158 3961 1281 4023 hoc
1333 3959 1676 4038 significet,
1743 3961 2015 4038 exponit
2076 3961 2319 4036 optime
2372 3958 2847 4020 Weissenborn

507 4068 588 4128 ad
640 4068 769 4129 LiV.
809 4067 845 4129 l.
885 4067 1047 4145 Cap.
1086 4068 1168 4129 50
1218 4065 1254 4150 ξ
1307 4070 1342 4128 8
1407 4067 1583 4145 [quia
1654 4084 1733 4127 ea
1803 4084 1907 4127 res
1978 4066 2339 4128 exemisset
2407 4064 2581 4125 illum
2651 4064 2847 4142 diem]

509 4175 868 4237 exemisset
929 4192 1056 4236 von
1129 4175 1276 4236 dem
1354 4174 1778 4252 Hinbringen,
1851 4173 2188 4235 Ausfullen
2258 4172 2373 4234 der
2445 4171 2587 4232 Zeit
2660 4172 2852 4231 unter

723 4420 766 4489 ¹)
806 4419 879 4486 V2
920 4419 961 4484 l·2
1003 4435 1036 4473 n
1077 4423 1099 4474 t
1141 4419 1268 4474 add.
1313 4418 1662 4474 afferemus,
1709 4417 1921 4474 delevit
1963 4416 2145 4472 Halm.
2190 4420 2389 4472 contra
2429 4413 2565 4469 dicit
2606 4411 2812 4468 Cobet.

723 4509 769 4579 ²)
813 4507 878 4566 C.
921 4508 978 4564 F.
1009 4509 1097 4565 W.
1144 4508 1336 4564 Muell.
1381 4507 1627 4564 coniecit
1671 4506 1745 4562 Μ.
1788 4503 2020 4561 Antoni.
