3409 5184
1439 545 1516 558 .-
1614 513 1704 574 69·
1791 507 1877 557 -..·

483 708 707 787 quenti
767 706 1108 771 altissl’ml's
1182 707 1402 770 defixa
1464 699 1810 789 radicibus,
1882 725 2027 770 cum
2097 708 2260 771 haec
2329 709 2529 770 verba
2598 726 2827 771 vocem

484 815 859 893 oppositam
911 815 1272 893 postulent.
1312 814 1485 888 Quid
1537 818 1640 876 est
1689 818 1911 877 autem
1964 814 2394 893 oppositum?
2430 814 2612 892 Vide,
2648 816 2827 893 quod

483 921 634 984 Tac.
688 921 852 983 Ann.
904 921 1054 984 Xlll.
1109 921 1270 999 Cap.
1325 923 1406 984 19
1468 922 1621 984 dicit
1699 921 1896 1000 „nihil
1966 937 2180 982 rerum
2252 922 2622 983 mortalium
2690 925 2821 984 tam

481 1027 784 1091 [nstabl’le
815 1045 896 1090 ac
924 1027 1184 1090 fluxum
1218 1031 1341 1107 est,
1379 1045 1575 1107 quam
1611 1027 1784 1090 fama
1820 1028 2156 1107 potentiae
2194 1045 2324 1090 non
2363 1045 2487 1090 sua
2516 1028 2574 1100 vi
2604 1029 2824 1090 nixa.“

482 1135 879 1215 Oppositum
943 1139 1064 1214 est
1097 1137 1291 1212 igitur
1338 1135 1646 1199 Instabile
1693 1153 1775 1198 ac
1818 1134 2060 1199 fluxus,
2159 1135 2373 1213 (Conf.
2427 1137 2621 1199 etiam
2656 1136 2824 1199 Sall.

482 1243 625 1306 Cat.
656 1242 817 1322 Cap.
849 1244 886 1306 l.
916 1245 954 1323 ξ
991 1245 1026 1304 4
1060 1243 1473 1321 „divitiarum
1511 1247 1575 1306 et
1607 1243 1861 1306 formae
1894 1243 2100 1318 gloria
2132 1241 2317 1305 fluxa
2350 1247 2548 1322 atque
2582 1243 2825 1317 fragilis

483 1353 650 1412 est.“
687 1351 817 1426 lug.
844 1352 881 1430 ξ
907 1351 1033 1412 112
1064 1367 1214 1428 „res
1251 1351 1581 1413 humanae
1624 1350 1851 1413 fluxae
1884 1354 1950 1412 et
1983 1349 2328 1413 mobileS.“
2361 1351 2492 1412 Liv.
2518 1350 2824 1412 XXXVlll

482 1460 540 1520 6.
578 1457 788 1536 „fides
811 1456 996 1519 fluxa
1030 1462 1094 1520 et
1125 1461 1388 1536 vana.“)
1420 1458 1551 1521 Sed
1581 1459 1853 1520 verbum
1884 1455 2210 1520 instabilis
2235 1458 2411 1536 apud
2439 1457 2826 1520 Ciceronem

481 1565 772 1628 nondum
825 1569 1076 1643 exstat3
1129 1583 1246 1643 pro
1297 1583 1376 1628 eo
1428 1566 1740 1628 usitatius
1791 1565 2081 1643 positum
2132 1568 2236 1627 est
2283 1565 2589 1627 incertus.
2672 1564 2821 1637 Qua

481 1689 548 1734 re
599 1673 963 1751 amplector
1014 1671 1196 1735 Rich.
1249 1672 1613 1751 Muelleri¹)
1663 1672 2097 1734 mutationem
2136 1671 2305 1750 „alia
2354 1673 2573 1733 omnia
2620 1669 2822 1748 fluxa,

478 1780 725 1842 Incerta
773 1781 1067 1858 sunt.“²)

1367 2026 1586 2105 Orat.
1632 2029 1715 2105 V.
1779 2035 1817 2126 ξ
1875 2029 1947 2106 9.

693 2280 1019 2344 Antonius
1071 2281 1269 2342 armis
1333 2284 1396 2342 et
1466 2266 1811 2358 praesidiis
1882 2280 2197 2372 populum
2268 2283 2333 2341 et
2393 2279 2821 2356 magistratus

477 2387 617 2450 foro
673 2387 978 2450 exclusit.
1032 2389 1169 2466 „sic
1237 2405 1394 2450 vero
1463 2391 1650 2450 erant
1719 2388 2045 2466 disposita
2113 2387 2461 2465 praesidia,
2514 2390 2603 2463 ut,
2655 2405 2822 2466 quo-

480 2496 676 2558 modo
728 2495 1018 2558 hostium
1070 2495 1288 2558 aditus
1341 2496 1500 2558 urbe
1553 2495 2003 2573 prohibentur,
2055 2495 2149 2556 sta
2197 2489 2483 2557 castellis
2515 2496 2583 2555 et
2612 2495 2823 2571 operi-

481 2603 608 2666 bus
681 2603 762 2665 ab
835 2603 1252 2678 ingressione
1313 2602 1428 2665 fori
1500 2603 1816 2680 populum
1886 2603 2322 2680 tribunosque
2393 2601 2602 2680 plebis
2671 2617 2821 2679 pro-

482 2711 726 2789 pulsari
780 2710 1106 2773 videreS.“
2006 2711 2046 2718 ⁴'
2264 2728 2268 2732 ’

692 2853 797 2915 Sic
871 2852 1227 2931 aliquando
1305 2852 1596 2914 Halmius
1671 2852 1887 2915 locum
1970 2870 2052 2915 ex
2133 2853 2311 2914 libris
2384 2853 2525 2914 suis
2600 2852 2819 2914 edidit.

480 2960 903 3024 Recentiores
957 2959 1246 3021 editores
1297 2959 1697 3035 Madvigium
1724 2961 1773 3038 ³)
1825 2963 2215 3044 sequuntur,
2268 2960 2375 3038 qui
2428 2958 2712 3021 castellis
2760 2962 2825 3020 et

479 3066 789 3145 operibus
836 3062 989 3145 post
1030 3065 1472 3144 prohibentur
1523 3066 1877 3145 transtulit,
1940 3084 2085 3129 cum
2156 3065 2424 3128 castella
2491 3068 2559 3128 et
2624 3083 2822 3143 opera

477 3177 559 3238 ad
609 3175 898 3238 hostium
951 3173 1479 3252 prohibitionem,
1517 3192 1647 3237 non
1701 3175 1784 3236 ad
1816 3174 1934 3237 fori
1975 3175 2455 3249 ingressionem
2493 3174 2819 3252 pertinere

478 3281 894 3345 manifestum
947 3281 1050 3342 sit.
1149 3281 1344 3354 Quod
1395 3282 1569 3360 apud
1622 3283 1874 3344 luntam
1944 3285 2360 3360 occupatum,
2432 3285 2670 3359 postea
2738 3282 2819 3344 ab

478 3389 774 3452 Ernestio
827 3390 1197 3467 probatum,
1251 3406 1422 3451 nunc
1473 3407 1606 3451 uno
1659 3389 1885 3451 codice
1938 3388 2283 3451 Clarciano
2333 3391 2457 3470 (n2)
2493 3387 2818 3450 firmatum

477 3496 752 3558 videtur.
849 3496 980 3558 Sed
1033 3495 1222 3570 velim
1275 3495 1490 3558 locum
1541 3495 1916 3558 accuratius
1968 3495 2433 3572 contempleris
2494 3477 2577 3555 et*
2619 3495 2818 3556 inter-

478 3587 772 3681 preteris.
848 3603 1081 3666 Cicero
1117 3601 1448 3681 'populum
1501 3602 1869 3664 Romanum
1920 3603 2356 3680 tribunosque
2409 3601 2619 3680 plebis
2672 3618 2817 3663 cum

477 3710 783 3772 hostibus
835 3713 1191 3788 comparat.
1245 3710 1392 3783 Qua
1445 3710 1503 3770 in
1558 3704 2049 3788 comparatione
2102 3709 2465 3771 orationem
2518 3701 2610 3770 sic
2662 3726 2820 3770 con-

477 3821 792 3880 structam
845 3821 1338 3896 exspectamuS,
1391 3821 1462 3879 ut
1537 3818 1738 3879 verba
1809 3816 2027 3878 verbis
2100 3816 2289 3894 quasi
2365 3816 2685 3877 demensa
2757 3820 2821 3877 et

401 3957 411 3970 =
477 3926 656 4003 paria
707 3925 1177 4002 respondeant.
1278 3925 1556 3986 Proinde
1609 3924 1982 3986 videamus!
2083 3923 2373 4001 „l-lostes
2444 3909 2603 3985 urbe
2665 3940 2818 4000 pro-

477 4032 849 4095 hibentur.“
947 4031 1067 4094 Cui
1121 4032 1484 4111 respondet
1534 4032 1867 4110 „populus
1936 4031 2310 4109 tribunique
2348 4011 2601 4108 'plebis
2661 4048 2813 4108 pro-

691 4243 732 4314 ¹)
776 4243 1056 4313 philolog.
1098 4242 1185 4298 lX.
1229 4257 1354 4312 pag.
1397 4243 1517 4298 186.

689 4333 733 4399 2)
775 4331 1041 4388 l-lalmius
1097 4331 1342 4387 coniecit
1395 4329 1651 4386 fallacia
1712 4347 1760 4384 a.
1818 4328 1883 4384 C.
1926 4327 1983 4383 Ρ.
2023 4328 2114 4385 W.
2157 4327 2433 4386 Muellero
2480 4329 2603 4384 Vol.
2660 4327 2718 4384 ll.
2769 4329 2817 4384 3.

477 4435 602 4490 pag.
647 4419 818 4476 CXll.
860 4420 1182 4490 probatum.

689 4510 733 4582 ⁸)
776 4509 920 4567 Adv.
964 4508 1102 4566 Crit.
1149 4508 1230 4564 lll.
1274 4524 1401 4581 pag.
1444 4508 1562 4566 154.
