3409 5184
1408 474 1846 536 -75-

455 670 682 750 Neque
731 672 903 733 enirn
955 670 1154 734 ullam
1205 669 1574 732 mercedem
1624 674 1810 730 tanta
1842 669 2052 730 virtus
2087 671 2350 746 praeter
2383 669 2551 731 hanc
2587 670 2801 732 laudis

457 778 838 862 gloriaeque
890 777 1254 852 desiderat;
1308 793 1439 857 qua
1489 777 1685 839 etiam
1738 777 1791 836 si
1842 778 2085 854 careat,
2122 780 2342 838 tamen
2395 776 2481 839 sit
2530 793 2604 838 se
2656 778 2802 855 ipsa

456 889 803 947 contenta:
856 900 1257 963 quamquam
1310 883 1370 944 in
1421 883 1736 945 memoria
1786 885 2123 957 gratorum
2175 883 2411 945 civium
2462 887 2799 964 tamquam

459 991 519 1051 in
557 991 698 1053 luce
736 991 955 1068 posita
1001 990 1298 1052 laetetur.
1353 989 1526 1051 Laus
1579 989 1774 1064 igitur
1824 989 2015 1052 iudici
2066 989 2541 1068 testimonique
2594 991 2801 1052 nostri

458 1099 809 1161 tribuenda
862 1081 1061 1160 Bruto
1113 1101 1281 1159 est.“

673 1205 777 1268 Sic
850 1205 1208 1268 Vaticanus
1279 1205 1496 1282 tradit,
1528 1207 1572 1282 ¹)
1663 1205 1784 1266 nisi
1855 1205 2033 1282 quod
2099 1222 2218 1282 pro
2286 1203 2573 1266 laetetur
2635 1204 2801 1267 facili

461 1329 682 1375 errore
718 1311 1051 1375 laetentur
1078 1312 1378 1389 exhibet;
1430 1314 1805 1390 sequuntur
1840 1327 1989 1374 eum
2040 1312 2445 1375 recentiores
2480 1312 2802 1388 editores;

457 1419 822 1483 haeserunt
890 1421 948 1481 in
1021 1435 1182 1481 voce
1253 1436 1659 1496 quamquam
1733 1421 2088 1497 vetereS,²')
2164 1419 2272 1498 qui
2341 1422 2586 1496 tamen,
2654 1435 2801 1482 cum

456 1529 658 1604 atque
705 1526 1124 1590 scribendum
1177 1530 1645 1604 proponerent,
1698 1526 1940 1587 vulnus
1992 1543 2121 1588 non
2176 1530 2600 1588 sanaverunt.
2652 1526 2801 1600 Quo

460 1634 631 1696 enim
684 1651 862 1696 nexu
914 1634 1285 1696 sententiae
1340 1634 1507 1695 inter
1556 1650 1629 1695 se
1681 1632 2135 1710 cohaererent,
2199 1650 2429 1712 parum
2481 1650 2804 1711 perspex-

461 1745 671 1804 erunt.
772 1740 1008 1803 Ultima
1059 1741 1230 1802 enim
1285 1741 1427 1819 ipsa
1495 1756 1657 1802 voce
1726 1740 1929 1818 {gitur
1988 1740 2226 1802 clamat
2291 1757 2363 1802 se
2436 1756 2565 1804 non
2635 1756 2802 1818 eam,

459 1865 630 1926 quae
681 1849 1036 1926 praecedit,
1089 1849 1496 1924 continuare,
1534 1847 1654 1908 sed
1692 1848 2020 1924 respicere
2058 1847 2445 1926 scriptorem
2485 1847 2566 1908 ad
2603 1847 2803 1909 verba

458 1972 673 2033 neque
752 1957 926 2017 enim
1005 1955 1203 2018 ullam
1280 1954 1650 2016 mercedem
1731 1957 1917 2016 tanta
1995 1955 2207 2017 virtus
2285 1957 2559 2031 praeter
2636 1953 2811 2016 lianc

458 2061 674 2125 laudis
695 2061 1081 2140 gloriaeque
1114 2061 1461 2124 desiderat.
1495 2061 1670 2123 l-laec
1698 2078 1854 2122 vera
1883 2065 2084 2140 atque
2114 2062 2419 2140 primaria
2449 2062 2801 2138 sententia,

461 2186 657 2247 quam
729 2169 950 2231 statim
993 2184 1167 2231 ‘cum
1228 2169 1373 2230 loco
1425 2185 1506 2229 ex
1558 2168 1856 2230 oratione
1908 2185 2025 2246 pro
2077 2168 2312 2229 Archia
2358 2165 2396 2251 ξ
2449 2170 2531 2230 28
2582 2166 2805 2230 confe-

461 2293 682 2338 remus
753 2276 1036 2354 „nullam
1090 2276 1260 2337 enim
1313 2259 1503 2337 aliam
1555 2275 1927 2337 mercedem
1979 2275 2275 2337 laborum
2331 2274 2805 2353 periculorum-

461 2399 592 2460 que
645 2384 852 2444 virtus
902 2383 1238 2445 desiderat
1288 2385 1548 2460 praeter
1598 2382 1766 2444 hanc
1818 2382 2029 2443 laudis
2082 2385 2146 2443 et
2181 2382 2458 2456 gloriae;
2495 2398 2626 2460 qua
2660 2382 2804 2460 qui-

461 2490 608 2552 dem
659 2491 976 2567 detracta,
1029 2489 1301 2566 iudiceS,
1352 2489 1507 2567 quid
1543 2493 1667 2567 est,
1706 2489 1884 2567 quod
1923 2489 1981 2549 in
2008 2474 2145 2550 'hoc
2178 2492 2310 2549 tam
2351 2489 2596 2562 exiguo
2631 2489 2802 2550 vitae

459 2598 781 2660 curriculo
819 2601 884 2659 et
915 2601 1049 2659 tarn
1087 2597 1266 2659 brevi
1291 2598 1493 2658 tantis
1524 2614 1648 2658 nos
1678 2596 2015 2658 laboribus
2045 2612 2479 2658 exerceamus
2495 2597 2570 2656 ?“
2609 2596 2807 2658 Aliter

462 2708 691 2767 nostro
745 2705 886 2766 loco
939 2703 1346 2780 Ciceronem,
1401 2707 1472 2765 ut
1522 2706 1676 2782 pote
1729 2704 1835 2782 qui
1891 2704 2014 2764 iam
2067 2702 2527 2781 philosophiae
2566 2703 2804 2764 studiis

461 2809 692 2873 totum‘
725 2829 796 2873 se
848 2812 1120 2889 dederit,
1175 2811 1460 2873 iudicare
1511 2827 1705 2872 nemo
1759 2809 2114 2871 mirabitur.
2168 2809 2391 2888 ltaque
2453 2810 2807 2889 parenthe-

463 2935 622 2981 seos
673 2919 815 2980 loco
868 2920 1142 2997 quaerit,
1195 2922 1410 2979 utrum
1472 2919 1713 2979 misera
1764 2918 1867 2994 sit,
1920 2918 1972 2978 si
2026 2917 2149 2979 hoc
2223 2917 2513 2996 praemio
2588 2920 2807 2979 careat

463 3026 669 3087 virtus
721 3043 802 3087 an
856 3043 929 3087 se
1001 3026 1144 3103 ipsa
1216 3029 1549 3086 contenta.
1649 3024 1828 3086 l-lanc
1902 3024 2008 3085 ubi
2078 3025 2391 3099 agnoscis
2452 3023 2806 3102 parenthe-

463 3133 586 3209 sin,
615 3133 663 3210 3)
717 3133 936 3194 omnia
984 3132 1116 3194 iere
1168 3132 1363 3210 plana
1415 3136 1600 3193 sunt:
1656 3182 1666 3192 .
1710 3182 1720 3192 .
1762 3181 1771 3191 .
1826 3130 2305 3202 dest‘derat‚·—-
2339 3147 2469 3207 qua
2518 3131 2718 3192 etlam
2750 3131 2817 3193 si

465 3241 702 3314 careat,
757 3243 981 3301 tamen
1028 3240 1119 3301 sit
1163 3255 1237 3301 se
1284 3239 1427 3315 dosa
1477 3241 1789 3300 contenta
1800 3257 1823 3310 ,·
1881 3254 2285 3314 quamquam
2336 3287 2348 3298 .
2389 3287 2399 3299 .
2441 3287 2451 3298 .
2503 3236 2801 3299 laetetur.

460 3382 550 3390 —-
597 3347 775 3408 Laus
820 3346 1021 3424 igitur
1062 3363 1117 3408 e.
1171 3362 1231 3424 q.
1283 3363 1335 3407 s,

681 3454 773 3514 De
826 3470 987 3515 voce
1039 3469 1444 3531 quamquam
1493 3451 1869 3514 conferatur
1918 3470 1972 3513 e.
2025 3469 2086 3525 g.
2184 3451 2275 3512 De
2340 3451 2491 3525 Leg.
2546 3450 2582 3511 l.
2635 3448 2672 3534 ξ(
2726 3451 2805 3511 14

465 3577 912 3639 „quamquam
964 3564 1066 3622 est
1126 3560 1371 3638 populo
1435 3560 1951 3621 necessarium.“
2050 3558 2485 3620 Potentialem
2537 3558 2802 3619 modum

681 3742 722 3806 1)
764 3738 978 3792 desunt
1025 3736 1187 3792 codd.
1229 3737 1294 3792 D.

678 3825 722 3894 2)
763 3825 1054 3894 Ρειὲῐηυ3;
1097 3824 1451 3893 Lambinus;
1497 3823 1816 3879 Manutius

651 3915 723 3984 ,3)
767 3914 920 3980 Quid
962 3915 1038 3970 sit
1078 3914 1462 3984 parenthesiS‚
1505 3912 1744 3982 exponit
1788 3912 2027 3978 Quintil.
2058 3911 2151 3967 lib.
2180 3910 2275 3966 Vll
2326 3910 2471 3980 Cap.
2500 3911 2533 3966 2
2571 3909 2605 3981 ἓ
2645 3909 2712 3966 15
2742 3908 2805 3964 Η.

463 4005 675 4074 „etiam
720 4005 1134 4074 interiectione,
1176 4020 1292 4073 qua
1332 4008 1388 4060 et
1429 4007 1686 4058 oratores
1742 4006 1799 4058 et
1854 4001 2109 4057 historici
2164 4001 2491 4070 frequenter
2550 4002 2807 4065 utuntur,

469 4099 530 4150 ut
583 4094 774 4150 medio
833 4109 1100 4150 sermone
1156 4094 1406 4162 aliquem
1453 4093 1711 4149 inserant
1752 4106 2097 4160 sermonem,
2154 4090 2409 4161 impediri
2452 4091 2601 4144 solet
2642 4088 2808 4144 intel-

467 4183 672 4252 lectuS‚
738 4183 848 4238 nisi
906 4183 1060 4252 quod
1121 4183 1514 4252 interponitur,
1574 4181 1747 4237 breve
1813 4185 1903 4236 est
1926 4181 1958 4206 “
2033 4180 2195 4234 Adde
2255 4178 2631 4234 Rufinianum
2699 4177 2807 4245 (De

467 4270 698 4327 Schem.
741 4271 970 4328 Lexeos
1009 4273 1040 4341 ξ
1079 4273 1112 4326 2
1153 4296 1215 4318 =
1259 4271 1426 4328 Rhet.
1470 4270 1591 4327 Lat.
1639 4270 1777 4326 Min.
1819 4285 1946 4340 pag.
1990 4271 2047 4326 51
2114 4269 2187 4336 Η)
2247 4267 2653 4338 „parenthesis
2696 4270 2803 4336 est,

467 4376 596 4417 cum
639 4361 902 4417 ordinata
943 4376 1008 4416 ac
1051 4361 1307 4430 legitima
1347 4359 1641 4416 sententia
1681 4359 2110 4428 interrumpitur
2151 4373 2247 4428 per
2288 4357 2533 4413 alienam
2592 4355 2807 4411 extrin-

465 4465 642 4506 secus
682 4450 1089 4520 diversamque
1131 4450 1539 4505 sententiam.“
