3409 5184
1516 467 1919 528 ...8-

973 647 1172 738 Ερῐ3ῒ;
1204 661 1285 723 ad
1315 623 1484 722 Fam.
1524 660 1598 722 Χ.
1638 663 1696 722 6.
1735 663 1773 722 3
1833 660 2249 738 „complures
2283 661 2346 720 'in
2392 661 2881 737 perturbatione

762 769 850 830 rei
927 767 1226 846 publicae
1301 767 1612 830 consules
1687 767 1859 845 dicti,
1929 784 2206 845 quorum
2276 761 2468 829 nemo
2520 768 2884 830 consularis

759 874 1044 952 habitusss,
1074 875 1194 936 nisi
1226 875 1332 952 qui
1363 874 1579 935 animo
1609 873 1862 936 exstitit
1885 875 1944 934 in
1970 891 2103 934 rem
2142 873 2464 951 publicam
2502 873 2890 936 consulari.“

975 998 1082 1061 Or.
1136 999 1196 1059 in
1249 999 1375 1060 Pis.
1427 999 1464 1077 ξ
1517 1001 1598 1060 10
1671 1015 1797 1077 „an
1849 1001 2073 1076 potest
2121 998 2250 1060 ulla
2318 1015 2471 1060 esse
2544 999 2885 1061 excusatio

762 1122 892 1167 non
945 1105 1154 1167 dicam
1205 1104 1372 1167 male
1424 1105 1755 1182 sentienti,
1808 1105 1927 1166 sed
1978 1105 2255 1182 sedenti,
2316 1105 2665 1182 cunctanti,
2736 1104 2887 1166 dor-‘

762 1213 982 1274 mienti
1035 1212 1094 1272 in
1147 1212 1431 1289 maximo
1483 1212 1571 1272 rei
1625 1211 1923 1289 publicae
1975 1214 2203 1272 motu.
2245 1261 2255 1272 .
2296 1210 2691 1273 .consul1'.>“

762 1337 889 1398 lam
927 1353 1009 1397 ex
1045 1335 1308 1397 duobus
1360 1335 1680 1413 exemplis
1732 1335 1943 1397 allatis
1990 1319 2361 1408 cognosces
2407 1335 2468 1395 in
2517 1335 2620 1396 illa
2654 1352 2885 1414 quam-

546 1443 644 1505 vis
696 1442 962 1504 insolita
1009 1442 1440 1504 collocatione
1493 1442 1841 1510 verborum
1893 1458 2154 1503 omnem
2191 1441 2886 1520 vim-gravitatemque

548 1548 864 1610 orationis
912 1549 1158 1611 inesse.
2074 1563 2079 1570 ·

1416 1757 1635 1837 Orat.
1685 1759 1729 1834 l.
1794 1765 1831 1857 ξ
1894 1760 2015 1837 31.

762 1975 946 2048 Quae
1018 1978 1171 2053 post
1239 1976 1447 2053 ipsam
1517 1975 1828 2039 Caesaris
1898 1949 2175 2037 mortem
2224 1976 2469 2038 Romae
2519 1975 2689 2038 facta
2737 1976 2886 2057 sint,

548 2083 780 2146 Cicero
831 2081 1157 2156 significat
1206 2082 1384 2144 hisce
1437 2083 1654 2144 verbis

763 2207 904 2284 „Tu
956 2210 1196 2284 autem,
1249 2207 1329 2268 Μ.
1382 2207 1620 2268 Antoni
1672 2208 2046 2285 (absentem
2099 2209 2268 2269 enim
2320 2208 2606 2287 appello)
2687 2220 2919 2270 unum·

549 2315 723 2375 illum
775 2314 967 2389 diem,
1037 2331 1168 2392 quo
1222 2314 1281 2373 in
1335 2314 1499 2384 aede
1551 2314 1834 2376 Telluris
1884 2319 2161 2377 senatus
2210 2315 2347 2392 fuit,
2400 2333 2529 2377 non
2582 2316 2887 2377 omnibus

547 2421 648 2482 his
699 2420 1061 2497 mensibuS‚
1124 2420 1364 2497 quibus
1415 2423 1479 2481 te
1531 2421 1796 2498 quidam
1848 2422 2121 2483 multum
2173 2438 2211 2483 a
2260 2439 2361 2482 me
2414 2421 2888 2483 dissentientes

548 2527 813 2588 beatum
866 2529 1118 2603 putant,
1170 2527 1578 2603 anteponis?
1675 2527 1862 2598 Quae
1912 2526 2031 2588 fuit
2097 2527 2303 2588 oratio
2367 2527 2447 2588 de
2499 2527 2885 2588 concordia!

550 2633 813 2706 Quanto
867 2635 1064 2710 metu,
1130 2636 1377 2710 quanta
1427 2633 1862 2694 sollicitudine
1916 2633 2144 2694 civitas
2192 2636 2329 2695 tum
2380 2650 2417 2694 a
2487 2636 2551 2694 te
2618 2633 2887 2695 liberata

551 2742 672 2817 est,
704 2738 1197 2812 cum-collegam
1225 2743 1409 2801 tuum
1439 2740 1763 2818 depositis
1793 2740 2137 2802 inimicitiis
2168 2740 2411 2802 oblitus
2441 2741 2883 2818 auspiciorum

550 2863 587 2907 a
636 2849 699 2907 te
752 2846 896 2923 ipso
949 2863 1199 2919 augure
1252 2847 1471 2924 populi
1510 2847 1782 2908 Romani
1822 2839 2281 2909 'nuntiatorum
2333 2848 2435 2909 illo
2473 2848 2746 2924 primum
2782 2847 2885 2908 die

550 2952 891 3027 conlegam
942 2953 1054 3014 tibi
1108 2969 1260 3014 esse
1311 2953 1616 3029 voluisti;
1667 2957 1825 3015 tuus
1878 2972 2120 3032 parvus
2169 2954 2341 3016 filius
2393 2955 2450 3015 in
2490 2954 2884 3032 Capitolium

549 3077 586 3121 a
633 3063 697 3121 te
750 3061 996 3120 missus
1047 3060 1227 3137 pacis
1279 3061 1482 3122 obses
1529 3060 1713 3122 fuit.“

765 3185 869 3247 Sic
920 3200 1152 3247 omnes
1204 3186 1604 3247 recentiores
1656 3187 1944 3248 editores
1996 3188 2184 3249 scribi
2239 3187 2481 3248 iubent.
2579 3186 2708 3248 Sed
2761 3187 2884 3247 iam

552 3293 848 3354 Muretus
899 3291 1275 3358 humanista
1325 3295 1390 3354 et
1439 3295 1593 3370 post
1641 3309 1790 3353 eum
1864 3291 2146 3354 Orellius
2214 3293 2543 3354 sentiebat
2609 3292 2885 3353 lectione

551 3399 841 3461 Vaticani
919 3415 1116 3480 „cum
1166 3398 1485 3472 collegam
1538 3401 1726 3460 tuum
1777 3448 1839 3460 ..
1880 3448 1891 3459 .
1945 3398 2253 3460 voluisti“
2304 3401 2569 3476 recepta
2618 3401 2885 3459 senten-

549 3505 783 3566 tiarum
835 3506 1396 3567 continuationem
1448 3505 1643 3576 nimis.
1689 3505 1953 3580 longam
2002 3505 2157 3567 fieri.
2255 3505 2446 3578 Quod
2500 3510 2718 3568 autem
2771 3523 2888 3567 ex-

551 3614 932 3688 spectamus
984 3629 1113 3673 non
1152 3615 1257 3674 est
1293 3613 1627 3691 perioduS,
1666 3613 1786 3692 sed
1838 3630 2075 3674 cursus
2126 3613 2475 3674 verborum
2526 3613 2887 3674 sententia-

552 3736 825 3796 rumque
878 3719 1228 3797 primarum
1264 3719 1763 3797 consequentia.
1817 3721 2030 3797 Atque
2068 3719 2148 3780 ad
2186 3720 2245 3781 id
2282 3721 2525 3796 optime
2562 3721 2904 3810 convenit„
3006 3739 3011 3745 ·

553 3825 729 3903 quod
782 3825 840 3884 in
894 3824 1224 3886 nonnullis
1275 3828 1388 3887 aut
1448 3826 1668 3903 potius
1744 3825 1802 3884 in
1872 3825 2177 3886 omnibus
2246 3825 2421 3886 libris
2489 3824 2766 3888 familiae
2837 3827 2887 3887 D

553 3934 774 3993 exstat
803 3933 848 4010 1)
901 3934 1017 4010 „w
1087 3932 1405 4006 collegam
1459 3981 1469 3992 .
1526 3981 1537 3992 .
1593 3981 1604 3992 .
1658 3931 1990 3992 voluisti.“
2088 3930 2437 4003 Quomodo
2501 3933 2671 3993 enim
2732 3951 2885 3994 sen-

551 4039 794 4099 tentiae
845 4039 1190 4100 decurrere
1242 4039 1549 4115 debeant,
1598 4041 1780 4115 patet
1830 4055 1912 4098 ex
1963 4037 2301 4098 simillimis
2352 4038 2531 4099 locis.
2587 4038 2705 4101 Cui
2759 4057 2886 4102 non

553 4147 722 4207 illius
775 4146 1170 4208 laudationis
1223 4147 1679 4224 philosophiae
1733 4146 1791 4205 in
1863 4149 2145 4206 mentem
2215 4145 2409 4222 venit,
2479 4145 2624 4206 dico
2692 4146 2887 4208 Tusc.

555 4253 732 4330 Disp.
786 4252 858 4330 V,
911 4253 948 4314 5
1001 4270 1081 4330 „o
1134 4254 1303 4314 vitae
1356 4252 1773 4330 philosophia
1840 4251 1994 4328 duX,
2092 4268 2129 4312 o
2197 4251 2453 4312 virtutis
2522 4251 2889 4326 indagatrix

768 4445 809 4516 ¹)
854 4449 981 4500 tum
1020 4444 1331 4514 collegam:
1371 4446 1424 4513 t;
1468 4447 1534 4498 tu
1573 4443 1885 4514 collegam:
1929 4457 1993 4513 c;
2036 4447 2207 4498 tuum
2246 4443 2561 4514 collegam:
2602 4443 2675 4500 ln.
