<?xml version="1.0" encoding="UTF-8"?>
<!DOCTYPE html PUBLIC "-//W3C//DTD XHTML 1.0 Transitional//EN"
    "http://www.w3.org/TR/xhtml1/DTD/xhtml1-transitional.dtd">
<html xmlns="http://www.w3.org/1999/xhtml" xml:lang="en" lang="en">
 <head>
  <title>
</title>
<meta http-equiv="Content-Type" content="text/html;charset=utf-8" />
  <meta name='ocr-system' content='tesseract 3.04.00' />
  <meta name='ocr-capabilities' content='ocr_page ocr_carea ocr_par ocr_line ocrx_word'/>
</head>
<body>
  <div class='ocr_page' id='page_1' title='image "./questionescriti02lutzgoog_0028.png"; bbox 0 0 3409 5184; ppageno 0'>
   <div class='ocr_carea' id='block_1_1' title="bbox 1512 479 1951 541">
    <p class='ocr_par' dir='ltr' id='par_1_1' title="bbox 1512 479 1951 541">
     <span class='ocr_line' id='line_1_1' title="bbox 1512 479 1951 541; baseline -0.005 -17"><span class='ocrx_word' id='word_1_1' title='bbox 1512 479 1951 541; x_wconf 64' lang='lat'>-24-</span> 
     </span>
    </p>
   </div>
   <div class='ocr_carea' id='block_1_2' title="bbox 1397 721 2066 821">
    <p class='ocr_par' dir='ltr' id='par_1_2' title="bbox 1397 721 2066 821">
     <span class='ocr_line' id='line_1_2' title="bbox 1397 721 2066 821; baseline -0.004 -19"><span class='ocrx_word' id='word_1_2' title='bbox 1397 721 1618 802; x_wconf 87' lang='lat' dir='ltr'>Orat.</span> <span class='ocrx_word' id='word_1_3' title='bbox 1660 723 1834 801; x_wconf 89' lang='lat' dir='ltr'><strong>Vlll.</strong></span> <span class='ocrx_word' id='word_1_4' title='bbox 1899 729 1937 821; x_wconf 63' lang='grc' dir='ltr'>ἓ</span> <span class='ocrx_word' id='word_1_5' title='bbox 1997 725 2066 801; x_wconf 95' lang='grc'>7.</span> 
     </span>
    </p>
   </div>
   <div class='ocr_carea' id='block_1_3' title="bbox 561 939 2915 2084">
    <p class='ocr_par' dir='ltr' id='par_1_3' title="bbox 561 939 2915 2084">
     <span class='ocr_line' id='line_1_3' title="bbox 777 939 2906 1019; baseline 0.001 -17"><span class='ocrx_word' id='word_1_6' title='bbox 777 941 990 1003; x_wconf 91' lang='lat' dir='ltr'>Locus</span> <span class='ocrx_word' id='word_1_7' title='bbox 1059 957 1097 1002; x_wconf 90' lang='lat' dir='ltr'>a</span> <span class='ocrx_word' id='word_1_8' title='bbox 1163 939 1418 1004; x_wconf 89' lang='lat' dir='ltr'>Clarcio</span> <span class='ocrx_word' id='word_1_9' title='bbox 1489 942 1553 1003; x_wconf 89' lang='lat' dir='ltr'>et</span> <span class='ocrx_word' id='word_1_10' title='bbox 1621 939 1935 1002; x_wconf 87' lang='lat' dir='ltr'>Mueliero</span> <span class='ocrx_word' id='word_1_11' title='bbox 2005 941 2097 1002; x_wconf 91' lang='lat' dir='ltr'>sic</span> <span class='ocrx_word' id='word_1_12' title='bbox 2171 941 2384 1003; x_wconf 84' lang='lat' dir='ltr'>editur</span> <span class='ocrx_word' id='word_1_13' title='bbox 2450 945 2709 1019; x_wconf 91' lang='lat' dir='ltr'>„utrum</span> <span class='ocrx_word' id='word_1_14' title='bbox 2782 942 2906 1005; x_wconf 87' lang='lat' dir='ltr'>hoc</span> 
     </span>
     <span class='ocr_line' id='line_1_4' title="bbox 563 1046 2906 1126; baseline 0 -16"><span class='ocrx_word' id='word_1_15' title='bbox 563 1047 808 1110; x_wconf 89' lang='lat' dir='ltr'>bellum</span> <span class='ocrx_word' id='word_1_16' title='bbox 859 1064 989 1109; x_wconf 90' lang='lat' dir='ltr'>non</span> <span class='ocrx_word' id='word_1_17' title='bbox 1042 1049 1146 1109; x_wconf 89' lang='lat' dir='ltr'>est</span> <span class='ocrx_word' id='word_1_18' title='bbox 1207 1063 1288 1108; x_wconf 91' lang='lat' dir='ltr'>an</span> <span class='ocrx_word' id='word_1_19' title='bbox 1359 1050 1463 1109; x_wconf 90' lang='lat' dir='ltr'>est</span> <span class='ocrx_word' id='word_1_20' title='bbox 1527 1049 1783 1108; x_wconf 89' lang='lat' dir='ltr'>tantum</span> <span class='ocrx_word' id='word_1_21' title='bbox 1851 1046 2112 1125; x_wconf 83' lang='lat' dir='ltr'>beilum,</span> <span class='ocrx_word' id='word_1_22' title='bbox 2183 1052 2502 1125; x_wconf 84' lang='lat' dir='ltr'>quantum</span> <span class='ocrx_word' id='word_1_23' title='bbox 2572 1065 2906 1126; x_wconf 85' lang='lat' dir='ltr'>nunquam</span> 
     </span>
     <span class='ocr_line' id='line_1_5' title="bbox 561 1153 2907 1234; baseline -0 -17"><span class='ocrx_word' id='word_1_24' title='bbox 561 1155 679 1218; x_wconf 87' lang='lat' dir='ltr'>fuit</span> <span class='ocrx_word' id='word_1_25' title='bbox 699 1155 775 1216; x_wconf 80' lang='lat'>?“</span> <span class='ocrx_word' id='word_1_26' title='bbox 828 1153 975 1234; x_wconf 81' lang='lat' dir='ltr'>[Pro</span> <span class='ocrx_word' id='word_1_27' title='bbox 1024 1171 1112 1215; x_wconf 82' lang='lat' dir='ltr'>an</span> <span class='ocrx_word' id='word_1_28' title='bbox 1160 1155 1266 1216; x_wconf 75' lang='lat' dir='ltr'>est</span> <span class='ocrx_word' id='word_1_29' title='bbox 1307 1153 1503 1215; x_wconf 81' lang='lat' dir='ltr'>tradit</span> <span class='ocrx_word' id='word_1_30' title='bbox 1550 1153 1640 1215; x_wconf 91' lang='lat' dir='ltr'>V:</span> <span class='ocrx_word' id='word_1_31' title='bbox 1693 1153 1929 1228; x_wconf 72' lang='lat' dir='ltr'>etfam;</span> <span class='ocrx_word' id='word_1_32' title='bbox 1997 1153 2087 1213; x_wconf 90' lang='lat' dir='ltr'>D:</span> <span class='ocrx_word' id='word_1_33' title='bbox 2138 1171 2225 1215; x_wconf 80' lang='lat' dir='ltr'>an</span> <span class='ocrx_word' id='word_1_34' title='bbox 2274 1153 2515 1234; x_wconf 74' lang='lat' dir='ltr'>etiam]</span> <span class='ocrx_word' id='word_1_35' title='bbox 2615 1155 2907 1216; x_wconf 83' lang='lat' dir='ltr'>Halmius</span> 
     </span>
     <span class='ocr_line' id='line_1_6' title="bbox 563 1259 2907 1340; baseline 0 -17"><span class='ocrx_word' id='word_1_36' title='bbox 563 1260 914 1340; x_wconf 85' lang='lat' dir='ltr'>aliquando</span> <span class='ocrx_word' id='word_1_37' title='bbox 982 1261 1258 1323; x_wconf 90' lang='lat' dir='ltr'>coniecit</span> <span class='ocrx_word' id='word_1_38' title='bbox 1325 1259 1607 1338; x_wconf 84' lang='lat' dir='ltr'>„beilum</span> <span class='ocrx_word' id='word_1_39' title='bbox 1659 1259 1894 1321; x_wconf 76' lang='lat' dir='ltr'>estam</span> <span class='ocrx_word' id='word_1_40' title='bbox 1940 1276 2076 1320; x_wconf 82' lang='lat' dir='ltr'>non</span> <span class='ocrx_word' id='word_1_41' title='bbox 2139 1261 2304 1322; x_wconf 80' lang='lat' dir='ltr'>est.“</span> <span class='ocrx_word' id='word_1_42' title='bbox 2400 1259 2735 1339; x_wconf 85' lang='lat' dir='ltr'>Equidem,</span> <span class='ocrx_word' id='word_1_43' title='bbox 2805 1279 2907 1323; x_wconf 92' lang='lat' dir='ltr'>ar-</span> 
     </span>
     <span class='ocr_line' id='line_1_7' title="bbox 562 1358 2915 1450; baseline -0 -20"><span class='ocrx_word' id='word_1_44' title='bbox 562 1369 815 1430; x_wconf 84' lang='lat' dir='ltr'>tissime</span> <span class='ocrx_word' id='word_1_45' title='bbox 866 1367 1053 1430; x_wconf 90' lang='lat' dir='ltr'>codd.</span> <span class='ocrx_word' id='word_1_46' title='bbox 1108 1367 1159 1428; x_wconf 92' lang='lat' dir='ltr'>D</span> <span class='ocrx_word' id='word_1_47' title='bbox 1211 1384 1312 1428; x_wconf 93' lang='lat' dir='ltr'>me</span> <span class='ocrx_word' id='word_1_48' title='bbox 1363 1367 1755 1444; x_wconf 84' lang='lat' dir='ltr'>adiungens,</span> <span class='ocrx_word' id='word_1_49' title='bbox 1808 1366 2160 1441; x_wconf 91' lang='lat' dir='ltr'>legendum</span> <span class='ocrx_word' id='word_1_50' title='bbox 2211 1384 2365 1430; x_wconf 89' lang='lat' dir='ltr'>esse</span> <span class='ocrx_word' id='word_1_51' title='bbox 2418 1371 2578 1446; x_wconf 92' lang='lat' dir='ltr'>puto</span> <span class='ocrx_word' id='word_1_52' title='bbox 2631 1387 2761 1450; x_wconf 81' lang='lat' dir='ltr'>„an</span> <span class='ocrx_word' id='word_1_53' title='bbox 2810 1358 2915 1431; x_wconf 76' lang='lat' dir='ltr'>es‘t</span> 
     </span>
     <span class='ocr_line' id='line_1_8' title="bbox 561 1471 2906 1551; baseline 0 -15"><span class='ocrx_word' id='word_1_54' title='bbox 561 1475 695 1536; x_wconf 82' lang='lat' dir='ltr'>iam</span> <span class='ocrx_word' id='word_1_55' title='bbox 746 1475 1003 1535; x_wconf 75' lang='lat' dir='ltr'>tantum</span> <span class='ocrx_word' id='word_1_56' title='bbox 1050 1471 1353 1536; x_wconf 75' lang='lat' dir='ltr'>bellum.“</span> <span class='ocrx_word' id='word_1_57' title='bbox 1400 1471 1796 1551; x_wconf 86' lang='lat' dir='ltr'>Complures</span> <span class='ocrx_word' id='word_1_58' title='bbox 1846 1473 2016 1535; x_wconf 92' lang='lat' dir='ltr'>enim</span> <span class='ocrx_word' id='word_1_59' title='bbox 2069 1477 2417 1536; x_wconf 89' lang='lat' dir='ltr'>senatores</span> <span class='ocrx_word' id='word_1_60' title='bbox 2469 1474 2616 1536; x_wconf 88' lang='lat' dir='ltr'>belii</span> <span class='ocrx_word' id='word_1_61' title='bbox 2670 1493 2906 1537; x_wconf 90' lang='lat' dir='ltr'>nomen</span> 
     </span>
     <span class='ocr_line' id='line_1_9' title="bbox 564 1580 2906 1660; baseline 0.001 -18"><span class='ocrx_word' id='word_1_62' title='bbox 564 1583 624 1642; x_wconf 93' lang='lat' dir='ltr'>in</span> <span class='ocrx_word' id='word_1_63' title='bbox 676 1580 1006 1642; x_wconf 90' lang='lat' dir='ltr'>sententia</span> <span class='ocrx_word' id='word_1_64' title='bbox 1077 1580 1456 1658; x_wconf 90' lang='lat' dir='ltr'>ponendum</span> <span class='ocrx_word' id='word_1_65' title='bbox 1530 1596 1660 1643; x_wconf 90' lang='lat' dir='ltr'>non</span> <span class='ocrx_word' id='word_1_66' title='bbox 1736 1580 2094 1657; x_wconf 90' lang='lat' dir='ltr'>putabant:</span> <span class='ocrx_word' id='word_1_67' title='bbox 2171 1581 2523 1643; x_wconf 83' lang='lat' dir='ltr'>tumultum</span> <span class='ocrx_word' id='word_1_68' title='bbox 2576 1582 2906 1660; x_wconf 90' lang='lat' dir='ltr'>appellare</span> 
     </span>
     <span class='ocr_line' id='line_1_10' title="bbox 565 1685 2905 1766; baseline 0.001 -18"><span class='ocrx_word' id='word_1_69' title='bbox 565 1686 914 1750; x_wconf 85' lang='lat' dir='ltr'>malebant.</span> <span class='ocrx_word' id='word_1_70' title='bbox 1011 1685 1143 1748; x_wconf 90' lang='lat' dir='ltr'>Sed</span> <span class='ocrx_word' id='word_1_71' title='bbox 1194 1703 1338 1748; x_wconf 85' lang='lat' dir='ltr'>cum</span> <span class='ocrx_word' id='word_1_72' title='bbox 1392 1686 1463 1746; x_wconf 91' lang='lat' dir='ltr'>D.</span> <span class='ocrx_word' id='word_1_73' title='bbox 1515 1686 1757 1748; x_wconf 88' lang='lat' dir='ltr'>Brutus</span> <span class='ocrx_word' id='word_1_74' title='bbox 1808 1689 2250 1765; x_wconf 85' lang='lat' dir='ltr'>oppugnetur,</span> <span class='ocrx_word' id='word_1_75' title='bbox 2326 1686 2539 1749; x_wconf 80' lang='lat' dir='ltr'>Gallia</span> <span class='ocrx_word' id='word_1_76' title='bbox 2589 1692 2905 1766; x_wconf 87' lang='lat' dir='ltr'>vastetur,</span> 
     </span>
     <span class='ocr_line' id='line_1_11' title="bbox 565 1791 2907 1872; baseline 0 -16"><span class='ocrx_word' id='word_1_77' title='bbox 565 1793 834 1871; x_wconf 87' lang='lat' dir='ltr'>Mutina,</span> <span class='ocrx_word' id='word_1_78' title='bbox 883 1791 1256 1854; x_wconf 86' lang='lat' dir='ltr'>firmissima</span> <span class='ocrx_word' id='word_1_79' title='bbox 1305 1791 1526 1870; x_wconf 92' lang='lat' dir='ltr'>populi</span> <span class='ocrx_word' id='word_1_80' title='bbox 1579 1791 1854 1853; x_wconf 82' lang='lat' dir='ltr'>Romani</span> <span class='ocrx_word' id='word_1_81' title='bbox 1907 1792 2184 1871; x_wconf 86' lang='lat' dir='ltr'>colonia,</span> <span class='ocrx_word' id='word_1_82' title='bbox 2233 1793 2637 1872; x_wconf 90' lang='lat' dir='ltr'>obsideatur,</span> <span class='ocrx_word' id='word_1_83' title='bbox 2676 1795 2907 1857; x_wconf 90' lang='lat' dir='ltr'>Cicero</span> 
     </span>
     <span class='ocr_line' id='line_1_12' title="bbox 566 1897 2907 1980; baseline 0.001 -19"><span class='ocrx_word' id='word_1_84' title='bbox 566 1900 687 1962; x_wconf 91' lang='lat' dir='ltr'>sibi</span> <span class='ocrx_word' id='word_1_85' title='bbox 764 1898 1097 1977; x_wconf 86' lang='lat' dir='ltr'>persuasit</span> <span class='ocrx_word' id='word_1_86' title='bbox 1164 1898 1297 1959; x_wconf 82' lang='lat' dir='ltr'>iam</span> <span class='ocrx_word' id='word_1_87' title='bbox 1353 1901 1607 1959; x_wconf 92' lang='lat' dir='ltr'>tantum</span> <span class='ocrx_word' id='word_1_88' title='bbox 1677 1897 1918 1959; x_wconf 86' lang='lat' dir='ltr'>beilum</span> <span class='ocrx_word' id='word_1_89' title='bbox 1992 1902 2294 1961; x_wconf 85' lang='lat' dir='ltr'>exortum</span> <span class='ocrx_word' id='word_1_90' title='bbox 2364 1917 2537 1978; x_wconf 90' lang='lat' dir='ltr'>esse,</span> <span class='ocrx_word' id='word_1_91' title='bbox 2590 1905 2907 1980; x_wconf 85' lang='lat' dir='ltr'>quantum</span> 
     </span>
     <span class='ocr_line' id='line_1_13' title="bbox 568 2004 2761 2084; baseline -0 -17"><span class='ocrx_word' id='word_1_92' title='bbox 568 2020 905 2084; x_wconf 85' lang='lat' dir='ltr'>nunquam</span> <span class='ocrx_word' id='word_1_93' title='bbox 953 2004 1090 2067; x_wconf 87' lang='lat' dir='ltr'>fuit.</span> <span class='ocrx_word' id='word_1_94' title='bbox 2754 2009 2761 2016; x_wconf 83' lang='lat'><em>&#39;</em></span> 
     </span>
    </p>
   </div>
   <div class='ocr_carea' id='block_1_4' title="bbox 533 2610 2914 3525">
    <p class='ocr_par' dir='ltr' id='par_1_4' title="bbox 533 2610 2914 3525">
     <span class='ocr_line' id='line_1_14' title="bbox 781 2610 2910 2689; baseline -0.001 -16"><span class='ocrx_word' id='word_1_95' title='bbox 781 2611 876 2673; x_wconf 82' lang='lat' dir='ltr'>Ad</span> <span class='ocrx_word' id='word_1_96' title='bbox 934 2611 1128 2673; x_wconf 85' lang='lat' dir='ltr'>finem</span> <span class='ocrx_word' id='word_1_97' title='bbox 1203 2611 1399 2674; x_wconf 85' lang='lat' dir='ltr'>huius</span> <span class='ocrx_word' id='word_1_98' title='bbox 1473 2611 1704 2689; x_wconf 91' lang='lat' dir='ltr'>capitis</span> <span class='ocrx_word' id='word_1_99' title='bbox 1778 2611 2219 2688; x_wconf 68' lang='lat' dir='ltr'>pervenimus</span> <span class='ocrx_word' id='word_1_100' title='bbox 2318 2610 2530 2688; x_wconf 82' lang='lat' dir='ltr'>Atque</span> <span class='ocrx_word' id='word_1_101' title='bbox 2582 2611 2910 2672; x_wconf 84' lang='lat' dir='ltr'>nonnullis</span> 
     </span>
     <span class='ocr_line' id='line_1_15' title="bbox 567 2716 2908 2795; baseline -0.001 -16"><span class='ocrx_word' id='word_1_102' title='bbox 567 2717 888 2795; x_wconf 81' lang='lat' dir='ltr'>exemplis</span> <span class='ocrx_word' id='word_1_103' title='bbox 961 2735 1042 2780; x_wconf 85' lang='lat' dir='ltr'>ex</span> <span class='ocrx_word' id='word_1_104' title='bbox 1113 2721 1302 2780; x_wconf 88' lang='lat' dir='ltr'>oratt.</span> <span class='ocrx_word' id='word_1_105' title='bbox 1355 2717 1592 2779; x_wconf 87' lang='lat' dir='ltr'>l—-Vlll</span> <span class='ocrx_word' id='word_1_106' title='bbox 1669 2717 1951 2794; x_wconf 88' lang='lat' dir='ltr'>sumptis</span> <span class='ocrx_word' id='word_1_107' title='bbox 2025 2717 2188 2778; x_wconf 89' lang='lat' dir='ltr'>satis</span> <span class='ocrx_word' id='word_1_108' title='bbox 2262 2718 2662 2794; x_wconf 84' lang='lat' dir='ltr'>exposuisse</span> <span class='ocrx_word' id='word_1_109' title='bbox 2758 2716 2908 2778; x_wconf 87' lang='lat' dir='ltr'>mihi</span> 
     </span>
     <span class='ocr_line' id='line_1_16' title="bbox 568 2822 2909 2902; baseline 0 -18"><span class='ocrx_word' id='word_1_110' title='bbox 568 2824 812 2901; x_wconf 87' lang='lat' dir='ltr'>videor,</span> <span class='ocrx_word' id='word_1_111' title='bbox 882 2825 1105 2902; x_wconf 85' lang='lat' dir='ltr'>quanti</span> <span class='ocrx_word' id='word_1_112' title='bbox 1158 2827 1388 2886; x_wconf 88' lang='lat' dir='ltr'>essent</span> <span class='ocrx_word' id='word_1_113' title='bbox 1437 2824 1826 2885; x_wconf 89' lang='lat' dir='ltr'>aestimandi</span> <span class='ocrx_word' id='word_1_114' title='bbox 1878 2823 2141 2885; x_wconf 90' lang='lat' dir='ltr'>codices</span> <span class='ocrx_word' id='word_1_115' title='bbox 2189 2822 2467 2885; x_wconf 85' lang='lat' dir='ltr'>familiae</span> <span class='ocrx_word' id='word_1_116' title='bbox 2521 2824 2572 2884; x_wconf 92' lang='lat' dir='ltr'>D</span> <span class='ocrx_word' id='word_1_117' title='bbox 2633 2822 2909 2901; x_wconf 85' lang='lat' dir='ltr'>illosque</span> 
     </span>
     <span class='ocr_line' id='line_1_17' title="bbox 568 2931 2909 3008; baseline -0.001 -17"><span class='ocrx_word' id='word_1_118' title='bbox 568 2931 788 3008; x_wconf 79' lang='lat' dir='ltr'>libros,</span> <span class='ocrx_word' id='word_1_119' title='bbox 848 2932 1148 3008; x_wconf 83' lang='lat' dir='ltr'>quamvis</span> <span class='ocrx_word' id='word_1_120' title='bbox 1198 2931 1418 2993; x_wconf 82' lang='lat' dir='ltr'>dedita</span> <span class='ocrx_word' id='word_1_121' title='bbox 1468 2948 1670 3008; x_wconf 91' lang='lat' dir='ltr'>opera</span> <span class='ocrx_word' id='word_1_122' title='bbox 1704 2935 2095 2993; x_wconf 88' lang='lat' dir='ltr'>retractatos</span> <span class='ocrx_word' id='word_1_123' title='bbox 2132 2949 2261 2992; x_wconf 91' lang='lat' dir='ltr'>non</span> <span class='ocrx_word' id='word_1_124' title='bbox 2298 2934 2643 3008; x_wconf 90' lang='lat' dir='ltr'>tantopere</span> <span class='ocrx_word' id='word_1_125' title='bbox 2692 2933 2909 2991; x_wconf 91' lang='lat' dir='ltr'>tamen</span> 
     </span>
     <span class='ocr_line' id='line_1_18' title="bbox 572 3036 2914 3115; baseline -0 -18"><span class='ocrx_word' id='word_1_126' title='bbox 572 3036 972 3114; x_wconf 86' lang='lat' dir='ltr'>depravatos</span> <span class='ocrx_word' id='word_1_127' title='bbox 1053 3055 1227 3115; x_wconf 92' lang='lat' dir='ltr'>esse,</span> <span class='ocrx_word' id='word_1_128' title='bbox 1309 3041 1380 3099; x_wconf 87' lang='lat' dir='ltr'>ut</span> <span class='ocrx_word' id='word_1_129' title='bbox 1429 3037 1646 3098; x_wconf 90' lang='lat' dir='ltr'>omnia</span> <span class='ocrx_word' id='word_1_130' title='bbox 1697 3037 1938 3098; x_wconf 87' lang='lat' dir='ltr'>veteris</span> <span class='ocrx_word' id='word_1_131' title='bbox 1989 3039 2187 3114; x_wconf 85' lang='lat' dir='ltr'>atque</span> <span class='ocrx_word' id='word_1_132' title='bbox 2239 3037 2565 3111; x_wconf 88' lang='lat' dir='ltr'>genuinae</span> <span class='ocrx_word' id='word_1_133' title='bbox 2615 3036 2914 3097; x_wconf 86' lang='lat' dir='ltr'>iectionis</span> 
     </span>
     <span class='ocr_line' id='line_1_19' title="bbox 568 3141 2914 3230; baseline -0.001 -27"><span class='ocrx_word' id='word_1_134' title='bbox 568 3144 849 3218; x_wconf 79' lang='lat' dir='ltr'>vestigia</span> <span class='ocrx_word' id='word_1_135' title='bbox 884 3144 1212 3205; x_wconf 82' lang='lat' dir='ltr'>exstincta</span> <span class='ocrx_word' id='word_1_136' title='bbox 1252 3147 1317 3204; x_wconf 90' lang='lat' dir='ltr'>et</span> <span class='ocrx_word' id='word_1_137' title='bbox 1352 3142 1571 3205; x_wconf 85' lang='lat' dir='ltr'>deleta</span> <span class='ocrx_word' id='word_1_138' title='bbox 1606 3142 1755 3203; x_wconf 89' lang='lat' dir='ltr'>sint.</span> <span class='ocrx_word' id='word_1_139' title='bbox 1808 3142 2022 3215; x_wconf 89' lang='lat' dir='ltr'>Quam</span> <span class='ocrx_word' id='word_1_140' title='bbox 2058 3142 2141 3203; x_wconf 97' lang='lat' dir='ltr'>ob</span> <span class='ocrx_word' id='word_1_141' title='bbox 2178 3160 2312 3203; x_wconf 92' lang='lat' dir='ltr'>rem</span> <span class='ocrx_word' id='word_1_142' title='bbox 2340 3141 2659 3230; x_wconf 73' lang='lat' dir='ltr'>Clarcius,</span> <span class='ocrx_word' id='word_1_143' title='bbox 2692 3141 2791 3203; x_wconf 86' lang='lat' dir='ltr'>iile</span> <span class='ocrx_word' id='word_1_144' title='bbox 2821 3141 2914 3202; x_wconf 87' lang='lat' dir='ltr'>vir</span> 
     </span>
     <span class='ocr_line' id='line_1_20' title="bbox 568 3249 2911 3328; baseline -0.001 -18"><span class='ocrx_word' id='word_1_145' title='bbox 568 3249 1013 3328; x_wconf 80' lang='lat' dir='ltr'>doctissimuS,</span> <span class='ocrx_word' id='word_1_146' title='bbox 1065 3267 1468 3328; x_wconf 87' lang='lat' dir='ltr'>magnopere</span> <span class='ocrx_word' id='word_1_147' title='bbox 1521 3249 1894 3311; x_wconf 86' lang='lat' dir='ltr'>laudandus</span> <span class='ocrx_word' id='word_1_148' title='bbox 1945 3252 2067 3326; x_wconf 92' lang='lat' dir='ltr'>est,</span> <span class='ocrx_word' id='word_1_149' title='bbox 2105 3249 2281 3326; x_wconf 84' lang='lat' dir='ltr'>quod</span> <span class='ocrx_word' id='word_1_150' title='bbox 2334 3252 2398 3310; x_wconf 92' lang='lat' dir='ltr'>et</span> <span class='ocrx_word' id='word_1_151' title='bbox 2449 3266 2661 3309; x_wconf 91' lang='lat' dir='ltr'>novos</span> <span class='ocrx_word' id='word_1_152' title='bbox 2714 3249 2911 3310; x_wconf 86' lang='lat' dir='ltr'>iibros</span> 
     </span>
     <span class='ocr_line' id='line_1_21' title="bbox 567 3354 2912 3428; baseline 0 -12"><span class='ocrx_word' id='word_1_153' title='bbox 567 3354 844 3417; x_wconf 86' lang='lat' dir='ltr'>familiae</span> <span class='ocrx_word' id='word_1_154' title='bbox 897 3357 948 3417; x_wconf 92' lang='lat' dir='ltr'>D</span> <span class='ocrx_word' id='word_1_155' title='bbox 999 3355 1295 3418; x_wconf 80' lang='lat' dir='ltr'>adhibuit</span> <span class='ocrx_word' id='word_1_156' title='bbox 1345 3359 1409 3417; x_wconf 91' lang='lat' dir='ltr'>et</span> <span class='ocrx_word' id='word_1_157' title='bbox 1457 3354 1606 3417; x_wconf 84' lang='lat' dir='ltr'>huic</span> <span class='ocrx_word' id='word_1_158' title='bbox 1654 3354 1935 3416; x_wconf 81' lang='lat' dir='ltr'>familiae</span> <span class='ocrx_word' id='word_1_159' title='bbox 2011 3355 2317 3417; x_wconf 88' lang='lat' dir='ltr'>librorum</span> <span class='ocrx_word' id='word_1_160' title='bbox 2393 3371 2696 3428; x_wconf 89' lang='lat' dir='ltr'>magnam</span> <span class='ocrx_word' id='word_1_161' title='bbox 2758 3371 2912 3416; x_wconf 89' lang='lat' dir='ltr'>auc-</span> 
     </span>
     <span class='ocr_line' id='line_1_22' title="bbox 533 3462 1188 3525; baseline 0.009 -6"><span class='ocrx_word' id='word_1_162' title='bbox 533 3463 897 3524; x_wconf 87' lang='lat' dir='ltr'>.toritatem</span> <span class='ocrx_word' id='word_1_163' title='bbox 947 3462 1188 3525; x_wconf 86' lang='lat' dir='ltr'>tribuit.</span> 
     </span>
    </p>
   </div>
   <div class='ocr_carea' id='block_1_5' title="bbox 786 3603 2910 3683">
    <p class='ocr_par' dir='ltr' id='par_1_5' title="bbox 786 3603 2910 3683">
     <span class='ocr_line' id='line_1_23' title="bbox 786 3603 2910 3683; baseline -0.001 -16"><span class='ocrx_word' id='word_1_164' title='bbox 786 3604 918 3667; x_wconf 91' lang='lat' dir='ltr'>Sed</span> <span class='ocrx_word' id='word_1_165' title='bbox 970 3604 1147 3683; x_wconf 84' lang='lat' dir='ltr'>quod</span> <span class='ocrx_word' id='word_1_166' title='bbox 1198 3604 1497 3678; x_wconf 86' lang='lat' dir='ltr'>singulos</span> <span class='ocrx_word' id='word_1_167' title='bbox 1549 3605 2029 3681; x_wconf 85' lang='lat' dir='ltr'>perlustrantes</span> <span class='ocrx_word' id='word_1_168' title='bbox 2081 3605 2263 3666; x_wconf 84' lang='lat' dir='ltr'>locos</span> <span class='ocrx_word' id='word_1_169' title='bbox 2321 3603 2606 3665; x_wconf 83' lang='lat' dir='ltr'>fortasse</span> <span class='ocrx_word' id='word_1_170' title='bbox 2683 3619 2910 3682; x_wconf 88' lang='lat' dir='ltr'>parum</span> 
     </span>
    </p>
   </div>
   <div class='ocr_carea' id='block_1_6' title="bbox 449 3711 2911 3790">
    <p class='ocr_par' dir='ltr' id='par_1_6' title="bbox 449 3711 2911 3790">
     <span class='ocr_line' id='line_1_24' title="bbox 449 3711 2911 3790; baseline -0.001 -18"><span class='ocrx_word' id='word_1_171' title='bbox 449 3779 456 3786; x_wconf 58' lang='grc'><strong>,</strong></span> <span class='ocrx_word' id='word_1_172' title='bbox 571 3711 1016 3790; x_wconf 82' lang='lat' dir='ltr'>probavimuS,</span> <span class='ocrx_word' id='word_1_173' title='bbox 1068 3711 1192 3773; x_wconf 85' lang='lat' dir='ltr'>hoc</span> <span class='ocrx_word' id='word_1_174' title='bbox 1243 3712 1527 3773; x_wconf 82' lang='lat' dir='ltr'>criticam</span> <span class='ocrx_word' id='word_1_175' title='bbox 1580 3715 1649 3774; x_wconf 90' lang='lat' dir='ltr'>ut</span> <span class='ocrx_word' id='word_1_176' title='bbox 1700 3711 1883 3772; x_wconf 86' lang='lat' dir='ltr'>aiunt</span> <span class='ocrx_word' id='word_1_177' title='bbox 1932 3711 2163 3772; x_wconf 85' lang='lat' dir='ltr'>horum</span> <span class='ocrx_word' id='word_1_178' title='bbox 2215 3712 2522 3773; x_wconf 86' lang='lat' dir='ltr'>librorum</span> <span class='ocrx_word' id='word_1_179' title='bbox 2574 3711 2911 3771; x_wconf 87' lang='lat' dir='ltr'>historiam</span> 
     </span>
    </p>
   </div>
   <div class='ocr_carea' id='block_1_7' title="bbox 571 3817 2701 3895">
    <p class='ocr_par' dir='ltr' id='par_1_7' title="bbox 571 3817 2701 3895">
     <span class='ocr_line' id='line_1_25' title="bbox 571 3817 2701 3895; baseline 0 -18"><span class='ocrx_word' id='word_1_180' title='bbox 571 3819 996 3894; x_wconf 84' lang='lat' dir='ltr'>pertexentes</span> <span class='ocrx_word' id='word_1_181' title='bbox 1047 3817 1280 3879; x_wconf 87' lang='lat' dir='ltr'>melius</span> <span class='ocrx_word' id='word_1_182' title='bbox 1331 3818 1903 3879; x_wconf 89' lang='lat' dir='ltr'>demonstraturos</span> <span class='ocrx_word' id='word_1_183' title='bbox 1956 3835 2078 3879; x_wconf 91' lang='lat' dir='ltr'>nos</span> <span class='ocrx_word' id='word_1_184' title='bbox 2130 3835 2281 3879; x_wconf 89' lang='lat' dir='ltr'>esse</span> <span class='ocrx_word' id='word_1_185' title='bbox 2334 3834 2701 3895; x_wconf 69' lang='lat' dir='ltr'>speramus</span> 
     </span>
    </p>
   </div>
  </div>
 </body>
</html>
