3409 5184
1446 467 1884 532 ...51-

704 667 742 745 ξ
792 666 851 728 6.
949 663 1055 727 Cl:
1138 681 1334 743 quem
1417 663 1570 760 nihil
1645 663 1822 727 aliud
1895 681 2116 742 agere,
2198 663 2352 726 nihil
2434 664 2640 727 moliri
2712 665 2834 728 nisi

492 773 762 836 caedem
813 772 1048 834 civium
1099 774 1300 854 atque
1353 770 1681 833 interitum
1734 771 2016 834 civitatis
2060 771 2347 834 videret:
2399 770 2650 833 Nonius
2686 789 2833 850 pag.

492 881 666 961 346„
717 878 870 958 (547
922 879 1015 956 L.)

580 1005 916 1067 Interitum
965 1003 1252 1066 civitatis
1305 1002 1584 1066 videret:
1622 1003 1674 1065 V
1712 1004 1794 1083 D;
1853 1003 2172 1081 Impetum
2220 1004 2524 1070 civitates
2575 1003 2793 1066 videte
2818 1027 2837 1066 .·

921 1109 1108 1173 codd.
1161 1109 1324 1172 Non.

704 1247 742 1325 ξ
793 1247 895 1306 10.
993 1242 1106 1307 Cl:
1159 1245 1226 1305 at
1274 1260 1431 1305 vero
1483 1243 1679 1305 huius
1730 1243 1904 1305 domi
1951 1244 2119 1306 inter
2167 1244 2521 1342 quasilla¹)
2580 1244 2831 1322 pende-

492 1353 683 1415 batur
733 1367 1004 1413 aurum:
1101 1349 1374 1413 Servius
1424 1350 1505 1412 ad
1555 1350 1748 1425 Verg.
1802 1349 2018 1426 Eclog.
2073 1351 2113 1412 ll
2179 1351 2282 1413 45.
2336 1351 2558 1413 lsidor.
2612 1349 2834 1426 Origg.

491 1459 630 1520 xlx
681 1459 765 1520 29
787 1503 834 1542 3.

704 1583 872 1644 inter
907 1631 919 1643 .
960 1631 971 1643 .
1011 1631 1024 1644 .
1061 1598 1330 1643 aurum:
1368 1580 1669 1643 Valerius
1705 1580 1982 1643 Probus,
2010 1581 2194 1644 Anal.
2225 1582 2396 1661 Gr.²)
2433 1599 2581 1661 pag.
2609 1583 2737 1644 220
2758 1604 2835 1666 323
2884 1600 2886 1602 ·

577 1689 775 1751 huius
821 1688 1032 1752 domi:
1066 1689 1118 1750 V
1156 1689 1238 1767 D;
1293 1689 1518 1751 omis:
1567 1687 1861 1750 ServiuS.
1915 1689 2139 1751 lsidor.

572 1795 1019 1874 pendebatur.-
1053 1795 1105 1857 V
1142 1796 1228 1871 [);
1273 1794 1695 1872 pectebatur:
1764 1795 1951 1858 codd.
1990 1796 2127 1858 Val.
2202 1795 2433 1873 Prob.;
2478 1796 2839 1874 pendatur.-

921 1902 1211 1965 Servius,
1240 1901 1288 1981 ³)
1341 1901 1564 1964 lsidor.
1972 1903 1978 1908 '

705 2033 896 2120 §14
994 2035 1098 2098 Cl:
1177 2053 1326 2097 nam
1377 2035 1430 2096 si
1485 2035 1586 2098 ille
1661 2034 1916 2113 consul,
1988 2034 2382 2097 fustuarium
2456 2029 2840 2099 meruerunt

493 2122 812 2221 legiones,
865 2159 1036 2220 quae
1088 2142 1429 2205 consulem
1480 2142 1924 2220 reliquerunt:
1978 2142 2275 2205 Martian.
2315 2141 2587 2221 Capella
2639 2142 2829 2204 Rhet.

493 2249 628 2311 Lat.
684 2249 835 2311 Min.
888 2265 1036 2327 pag.
1098 2249 1222 2310 467
1242 2293 1318 2332 23,
1383 2249 1491 2327 qui
1567 2247 1778 2311 adfert
1845 2249 1911 2311 si
1969 2248 2071 2312 ille
2142 2248 2379 2312 consul
2433 2249 2839 2312 fustuarium

491 2357 822 2437 meruerit,
884 2354 1192 2434 legioneS,
1247 2355 1418 2436 quid,
1471 2356 1588 2432 qui
1629 2355 1968 2418 consulem
2016 2356 2467 2433 reliquerunt.)
2481 2357 2533 2436 4)

708 2492 746 2570 ξ
798 2491 900 2553 17.
997 2488 1110 2553 Cl:
1147 2489 1501 2568 compellat
1549 2489 1804 2551 edicto:
1842 2490 2059 2552 Schol.
2098 2489 2298 2569 Cruq.
2338 2491 2397 2551 in
2437 2490 2587 2552 l-lor.
2627 2490 2834 2552 Serm.

493 2597 555 2660 ll.
607 2599 775 2680 3297:
825 2596 1057 2659 laudat
1099 2615 1187 2659 an
1235 2595 1585 2674 compellat
1627 2596 1862 2659 ed1'ct0.
1893 2598 1942 2676 5)

707 2733 744 2812 ξ
796 2733 899 2794 22.
996 2731 1104 2796 Cl:
1174 2732 1329 2810 quid
1381 2735 1486 2794 est
1551 2749 1747 2810 porro
1813 2731 2029 2794 facere
2097 2732 2615 2795 contumeliam?
2690 2733 2837 2810 quis

492 2839 584 2902 sic
635 2839 965 2918 loquitur:
1018 2839 1203 2902 Conf.
1243 2839 1511 2913 Quintil.
1551 2839 1631 2900 lX
1682 2842 1797 2924 313
1850 2840 2316 2918 contumeliam
2364 2840 2538 2916 fecit,
2574 2840 2761 2918 quod
2800 2857 2841 2902 a

493 2946 812 3010 Cicerone
859 2947 1256 3024 reprehendi
1292 2949 1530 3009 notum
1577 2948 1700 3010 est.
1816 2981 1821 2987 ·

707 3081 817 3145 Cl:
869 3098 953 3142 ex
1004 3084 1264 3143 oratore
1317 3084 1573 3142 arator:
1627 3081 1893 3154 Quintil.
1948 3081 2027 3142 ΙΧ
2079 3083 2215 3165 3⁷2·

703 3212 741 3299 ξ
791 3217 894 3278 31.
993 3213 1094 3277 Cl:
1144 3212 1356 3276 fundit
1403 3214 1789 3292 apothecaS,
1828 3215 2042 3276 caedit
2085 3231 2325 3289 greges
2361 3185 2836 3277 armentorum:

491 3322 763 3384 Servius
813 3321 895 3384 ad
946 3321 1138 3396 Verg.
1193 3321 1408 3396 Eclog.
1446 3321 1521 3383 Vl
1573 3321 1676 3384 55.

579 3456 753 3518 fudit
795 3456 1196 3533 apothecas:
1241 3456 1546 3532 Servius;
1598 3473 1727 3517 om.
1764 3456 1814 3517 V
1854 3456 1925 3517 D.

579 3564 818 3626 caedit:
857 3564 908 3624 V
949 3563 1032 3638 D;
1084 3562 1347 3626 cecidit:
1397 3562 1689 3625 ServiuS.

702 3827 746 3896 1)
789 3825 1090 3896 quasilla:
1123 3824 1170 3881 V
1199 3829 1249 3896 t;
1291 3841 1447 3897 quas
1485 3824 1626 3882 illa:
1664 3826 1677 3881 l
1709 3841 1762 3880 n.

702 3915 746 3986 2)
786 3915 1029 3971 traditur
1068 3915 1256 3971 solum
1301 3915 1467 3971 Inter
1503 3932 1583 3986 qu
1622 3960 1632 3970 .
1663 3960 1673 3970 .
1705 3959 1715 3970 .
1752 3913 2128 3985 pectebatur
2164 3913 2397 3984 (lacuna
2436 3918 2568 3972 octo
2618 3915 2838 3972 circiter

488 4003 820 4073 literarum).
2906 3999 2909 4004 ’

701 4092 746 4162 3)
787 4092 872 4148 sic
913 4093 1168 4163 plerique
1209 4093 1332 4148 libri
1377 4091 1536 4149 Serv.
1573 4091 1901 4163 penditur:
1938 4092 2062 4148 cod.
2106 4090 2265 4149 Serv.
2307 4092 2370 4147 A.
2412 4093 2839 4164 suspenditur.-

489 4181 613 4237 cod.
655 4180 815 4238 Serv.
859 4181 925 4237 R.

701 4269 747 4340 4)
789 4270 891 4327 Est
931 4269 1256 4340 corruptela
1293 4270 1510 4326 nullius
1550 4269 1848 4325 momenti.

702 4359 746 4429 ⁵)
789 4357 1124 4416 Scholiasta
1181 4375 1257 4415 ex
1309 4359 1588 4416 memoria
1638 4358 1982 4416 Ciceronem
2041 4358 2258 4416 laudat.
2319 4357 2487 4415 Conf.
2528 4359 2601 4415 ad
2643 4357 2836 4414 Schol.

489 4462 566 4504 or.
607 4447 690 4505 lll.
730 4448 766 4522 ς
804 4449 873 4505 18
913 4463 1058 4504 nam
1095 4462 1193 4503 me
1230 4447 1426 4504 isdem
1469 4448 1688 4504 edictis
1727 4447 1929 4504 nescit
1966 4446 2179 4504 laedat
2217 4463 2298 4504 an
2337 4447 2565 4505 laudet.
