3409 5184
1521 511 1963 572 ...80-

576 708 812 786 cipium
859 708 1017 770 tanti
1069 707 1376 770 facinoris
1428 707 1909 783 cape331·vere.“
1981 706 2121 768 Non
2174 709 2397 785 potest
2451 706 2677 781 negari
2731 705 2915 769 Clar-

574 815 743 877 cium
823 815 1001 890 gravi
1085 818 1254 877 teste
1335 831 1529 877 usum
1612 831 1807 892 esse;
1878 814 1997 876 sed
2067 817 2284 875 tamen
2361 830 2509 875 eum
2589 813 2915 874 erravisse

575 922 976 985 crediderim.
1029 922 1188 984 Nam
1241 922 1515 983 interest
1563 920 1830 999 aliquid,
1882 921 2100 999 cred0,
2154 923 2369 981 utrum
2421 920 2631 992 dicam
2675 919 2918 997 princi-

568 1030 754 1108 pium
799 1028 1113 1092 facinoris
1160 1044 1508 1105 capessere
1569 1045 1650 1089 an
1702 1027 2096 1105 principium
2160 1026 2488 1090 libertatis
2554 1043 2914 1103 capessere.

577 1138 639 1198 ln
692 1137 812 1198 illis
864 1136 1034 1199 enim
1087 1135 1304 1198 verbis
1355 1136 1594 1210 agendi
1666 1136 1847 1197 notio
1918 1135 1978 1196 in
2049 1138 2171 1213 est,
2233 1135 2293 1196 in
2360 1135 2461 1196 his
2530 1151 2745 1213 neque
2816 1137 2919 1196 est

575 1260 791 1322 neque
844 1242 974 1305 ullo
1027 1242 1222 1305 modo
1271 1243 1541 1318 cogitari
1580 1246 1822 1320 potest.
1876 1241 2070 1315 Quod
2107 1241 2403 1306 Clarcius
2439 1243 2580 1321 ipse
2617 1242 2916 1304 sensisse

576 1349 852 1427 videtur,
939 1365 1085 1412 cum
1156 1350 1216 1411 in
1287 1350 1715 1413 adnotatione
1778 1350 1995 1412 critica
2076 1351 2157 1412 ad
2223 1349 2615 1427 principium
2687 1366 2916 1412 vocem

575 1456 1054 1531 significantem
1108 1457 1385 1534 (iustum
1433 1456 1534 1519 vel
1585 1460 1842 1535 aptum)
1891 1457 2244 1519 desideret.
2274 1458 2321 1535 ¹)

792 1581 965 1644 l-laec
1034 1584 1189 1644 sunt
1257 1583 1473 1644 omnia
1540 1583 1714 1659 talia,
1788 1585 1859 1643 ut
1908 1582 2015 1642 vix
2076 1599 2113 1643 a
2174 1599 2275 1643 me
2329 1582 2688 1660 impetrem,
2742 1585 2812 1644 ut
2880 1599 2916 1642 a

576 1689 854 1751 lectione
956 1689 1265 1751 librorum
1355 1687 1677 1751 libertatis
1756 1689 2203 1766 capessendae
2280 1689 2605 1752 recedam.
2704 1689 2915 1767 Atque

575 1812 722 1858 cum
792 1812 1010 1859 sermo
1077 1794 1450 1858 libertatem
1512 1813 1860 1874 capessere
1926 1797 2171 1874 optime
2237 1796 2420 1872 Frag.
2482 1796 2635 1859 Sall.
2691 1796 2751 1857 in
2821 1814 2914 1859 or.

576 1903 770 1966 Marci
823 1907 897 1965 tr.
951 1904 1033 1982 pl.
1087 1903 1188 1965 ad.
1261 1903 1418 1981 Pop.
1473 1903 1654 1966 Rom.
1708 1905 1746 1981 ξ
1798 1906 1834 1966 2
1900 1920 2116 1982 „nunc
2186 1903 2429 1966 hortari
2501 1902 2697 1966 modo
2768 1904 2917 1966 reli-

577 2028 776 2090 quum
829 2014 933 2073 est
981 2015 1045 2074 et
1098 2012 1185 2073 ire
1238 2011 1512 2089 primum
1565 2011 1687 2088 via,
1726 2028 1856 2090 qua
1906 2010 2391 2088 capessundam
2438 2011 2683 2074 arbitor
2728 2011 2918 2074 liber-
2970 2073 2979 2080 ,

577 2121 823 2180 tatem“
860 2118 1272 2196 defendatur,
1311 2118 1552 2181 vulnus
1601 2117 1749 2180 alibi
1804 2117 1980 2180 latet.
2019 2118 2377 2181 Vaticanus
2412 2118 2609 2180 tradit
2637 2135 2917 2199 „ecque—

575 2227 794 2303 nam2)
825 2226 1210 2304 principium
1232 2226 1489 2302 putatis
1515 2225 1834 2288 libertatis
1870 2225 2345 2304 capessendae.
2385 2225 2470 2286 D:
2509 2225 2919 2302 ecquodnam

577 2333 959 2410 principium
1012 2349 1067 2394 e.
1106 2349 1166 2411 q.
1204 2351 1258 2394 s,
1342 2334 1702 2411 Utrumque
1755 2336 2134 2410 corruptum
2198 2349 2350 2393 esse
2424 2332 2713 2394 editores
2782 2331 2916 2394 fere

575 2439 1018 2501 consentiunt.
1051 2438 1549 2502 Wernsdorfius
1586 2439 1875 2502 Graevio
1912 2443 2181 2501 auctore
2219 2455 2380 2501 voce
2402 2439 2659 2515 putatis
2680 2438 2917 2517 deleta,

577 2547 778 2609 edidit
813 2547 1225 2624 ecquodnam
1257 2546 1457 2608 fuerit
1488 2564 1542 2609 e.
1574 2565 1632 2625 q.
1666 2565 1718 2608 s,
1760 2547 2053 2608 Halmius
2090 2549 2437 2624 exspectat
2472 2545 2917 2623 ecquandone,

578 2654 1034 2718 Mommsenus
1070 2655 1402 2730 spectatis,
1428 2655 1786 2717 Muellerus
1822 2654 2107 2733 denique
2145 2654 2451 2732 proponit
2468 2654 2516 2733 ⁸)
2540 2653 2915 2731 repudiatis.

791 2780 931 2842 Non
985 2797 1201 2843 meum
1253 2796 1405 2842 esse
1458 2784 1617 2858 puto
1670 2798 1905 2842 omnes
1956 2780 2374 2841 coniecturas
2425 2779 2733 2842 subtilius
2769 2796 2917 2858 per-

578 2887 765 2966 sequi
803 2891 1002 2966 atque
1040 2887 1100 2949 id
1138 2904 1217 2949 eo
1255 2887 1490 2966 minuS,
1529 2887 1708 2966 quod
1746 2904 1938 2949 nemo
1987 2887 2412 2964 interpretum
2459 2887 2916 2966 editorumque

579 2993 768 3055 nobis
833 2994 1182 3072 persuasit.
1266 2993 1470 3054 Velim
1524 2993 1693 3055 enim
1748 2994 2025 3071 recipias
2076 2993 2438 3072 quamlibet
2487 2994 2916 3056 mutationem

578 3116 615 3161 a
664 3116 766 3161 me
819 3101 1016 3162 modo
1067 3100 1430 3161 laudatam:
1489 3103 1625 3161 tum
1687 3100 1927 3161 videris
1988 3100 2296 3162 omnibus
2355 3100 2705 3162 verborum
2764 3117 2919 3162 sen-

578 3207 1063 3285 tentiarumque
1136 3205 1378 3267 flumen
1451 3206 1504 3267 si
1581 3224 1710 3268 non
1766 3207 2166 3285 interrumpi,
2219 3210 2285 3268 at
2334 3210 2552 3269 tamen
2625 3225 2753 3269 non
2831 3207 2919 3270 ita

577 3314 945 3391 decurrere,
1016 3317 1085 3374 ut
1155 3330 1219 3374 re
1286 3330 1441 3374 vera
1510 3317 1966 3392 expectamus,
2064 3314 2228 3387 Quis
2299 3317 2402 3375 est
2470 3331 2687 3391 porr0,
2760 3315 2916 3392 quin

578 3419 935 3481 contendat
985 3437 1199 3497 neque
1251 3419 1572 3482 concedat
1621 3421 2032 3482 enuntiatum
2087 3420 2544 3498 „ecquodnam
2599 3438 2653 3482 e.
2707 3436 2767 3498 q.
2819 3420 2918 3482 S.“

579 3527 771 3604 quale
823 3525 904 3588 ab
956 3525 1318 3588 editoribus
1372 3527 1755 3604 restituitur,
1794 3527 2028 3588 melius
2076 3543 2148 3588 se
2201 3527 2446 3589 habere
2498 3528 2917 3590 ante-thesin

579 3637 762 3712 „tota
813 3633 987 3695 ltalia
1038 3636 1206 3695 etc.“

794 3759 925 3822 Sed
999 3775 1144 3821 cum
1216 3776 1387 3836 opus
1461 3759 1545 3819 sit
1617 3759 2063 3836 periculosum
2134 3763 2198 3822 et
2261 3759 2463 3821 verba
2531 3763 2782 3822 mutare
2857 3763 2921 3822 et

579 3868 1036 3944 transponere,
1062 3866 1187 3927 alia
1223 3866 1634 3943 adminicula,
1661 3869 1733 3927 ut
1769 3866 2009 3927 vulnus
2034 3870 2329 3944 sanetur,
2358 3866 2918 3945 circumspicenda

580 3976 754 4050 sunt,
807 3973 950 4035 dico
1001 3973 1365 4035 simillimos
1419 3974 1628 4035 locos:
1681 3978 1843 4036 orat.
1885 3973 2041 4035 Phil.
2083 3975 2119 4036 l.
2158 3975 2196 4051 ξ
2249 3974 2328 4036 15
2378 3990 2593 4052 „quae
2644 3974 2916 4036 malum!

795 4150 838 4219 ι)
879 4149 1046 4205 Conf.
1089 4150 1384 4220 praeterea
1425 4147 1511 4205 Cl.
1555 4149 1698 4206 Rev.
1749 4151 1882 4202 1900
1922 4164 2048 4218 pag.
2088 4151 2205 4203 ⁶207.

794 4239 838 4307 2)
881 4237 963 4296 Re
1005 4254 1141 4295 vera
1180 4237 1418 4294 exhibet
1444 4238 1490 4294 V
1521 4243 1864 4308 etquenam3
1906 4238 1979 4294 D:
2011 4238 2386 4308 etquodnam.
2432 4238 2602 4304 Quod
2640 4241 2731 4294 est
2758 4253 2919 4293 men-

581 4329 714 4384 dum
758 4329 1044 4399 frequens
1087 4328 1256 4385 Conf.
1299 4344 1372 4384 or.
1404 4344 1479 4398 pr.
1523 4328 1664 4399 Reg.
1697 4329 1867 4386 Deiot
1925 4327 1959 4400 ἓ
1998 4329 2094 4384 4οε
2126 4343 2477 4398 ecquonam:
2508 4327 2789 4398 editores;
2832 4332 2919 4384 et-

580 4432 860 4488 quonam:
903 4418 1065 4476 codd.
1107 4418 1237 4487 aliq.

794 4509 839 4581 ³)
879 4507 1002 4566 Vol.
1045 4507 1140 4575 11.ss
1181 4523 1307 4579 pag.
1353 4507 1530 4567 CXX.
