3409 5184
1503 537 1590 546 --
1684 502 1765 563 78
1854 518 1987 556 ..-.·

555 701 793 774 langen
846 699 1425 777 Verhandlungen,
1497 699 1741 761 sodass
1812 699 1913 760 ein
1968 697 2343 759 Beschluss.
2403 695 2591 757 nicht
2647 694 2900 768 gelasst

554 806 824 869 werden
877 806 1078 884 kann,
1132 805 1502 867 besonders
1556 805 1636 865 im
1688 803 2000 866 Senate.“
2030 803 2075 881 ¹)

771 929 900 992 Sed
954 947 1082 992 non
1136 946 1370 992 omnes
1421 927 1855 1007 quaestiones
1908 925 1987 988 ad
2049 924 2243 986 finem
2296 925 2652 1002 perductae
2722 927 2897 986 sunt.

557 1036 787 1098 Restat
852 1038 1022 1099 enirn
1093 1037 1247 1098 illud
1321 1036 1672 1098 molestum
1744 1033 2009 1094 nullam.
2109 1032 2247 1110 Alii,
2303 1036 2373 1094 ut
2422 1032 2607 1110 coepi
2661 1031 2898 1107 dicere,

554 1160 782 1205 vocem
833 1143 1314 1221 delent,'·haud
1366 1143 1502 1204 scio
1554 1159 1633 1202 an
1687 1157 1817 1202 non
1877 1143 2061 1201 tanta
2111 1139 2169 1200 vi
2240 1142 2486 1216 quanta
2548 1137 2901 1208 l-lirschlel-

555 1250 754 1312 derus
805 1251 1128 1329 opinatur,
1191 1267 1342 1312 curn-
1411 1261 1757 1328 persaepe,
1827 1247 2211 1325 praesertim
2266 1247 2325 1307 in
2378 1246 2734 1308 enuntiatis
2786 1263 2897 1306 ne-

554 1357 812 1434 gativis,
850 1374 1019 1434 quae
1056 1357 1378 1434 dicuntur,
1415 1356 1569 1418 talia
1611 1353 2070 1416 'additamenta
2121 1357 2429 1429 exstent;
2478 1354 2579 1415 alii
2619 1370 2901 1431 exspec-

552 1467 694 1526 tant
741 1461 995 1525 ullam.
1093 1463 1223 1526 S'ed
1298 1461 1651 1525 videndum
1734 1464 1857 1538 est,
1928 1477 2145 1522 nonne
2214 1459 2460 1521 nullam
2523 1464 2899 1537 corruptum

557 1571 644 1631 sit
722 1587 804 1632 ex
885 1588 1104 1648 unam,
1187 1586 1315 1647 qua
1397 1584 1558 1629 voce
1642 1567 1793 1629 illud
1873 1567 2109 1628 horam
2190 1567 2477 1629 eximere
2537 1566 2896 1644 aptissime

555 1676 985 1755 amplificatur
1057 1675 1436 1753 optimeque
1514 1674 1678 1734 inter
1752 1691 1824 1736 se
1900 1678 2327 1752 opponuntur
2400 1691 2529 1734 (ma
2590 1674 2757 1734 hora
2831 1675 2897 1732 et

555 1785 657 1844 tot
701 1782 858 1845 dies.

690 1907 729 1980 J
771 1907 1084 1985 Equidem
1138 1907 1348 1983 igitur,
1403 1910 1493 1983 ut,
1547 1924 1717 1984 quae
1772 1907 1967 1968 modo
2020 1907 2323 1984 exposui,
2387 1905 2670 1968 breviter
2719 1922 2898 1967 corn-

555 2014 981 2092 prehendam,
1062 2014 1274 2075 locum
1351 2013 1441 2075 sic
1512 2013 1999 2075 emendandum
2070 2029 2377 2074 censeam
2461 2029 2896 2092 „succurren-

555 2123 708 2184 dum
762 2125 865 2183 est
916 2122 986 2182 D.
1042 2121 1273 2197 Brut03
1349 2137 1582 2182 omnes
1633 2120 1923 2198 undique
1976 2120 2203 2198 copiae
2256 2120 2701 2196 colligendae;
2782 2120 2901 2180 bo-

555 2211 699 2289 rafv
751 2229 1036 2290 eximere
1093 2244 1293 2288 unam
1329 2227 1408 2287 ‘ln
1469 2226 1578 2287 tali
1632 2227 1750 2288 civi
1824 2226 2162 2288 liberando
2235 2228 2375 2288 sine
2448 2227 2696 2290 scelere
2770 2243 2899 2288 non

557 2337 986 2412 possumus.“
1025 2353 1032 2358 ·
1263 2330 1271 2342 ⁶

1410 2581 1630 2660 Orat.
1674 2551 1814 2659 Vn.
1879 2589 1917 2679 ς·
1982 2582 2046 2658 5.

772 2817 1003 2879 Cicero
1057 2803 1347 2896 exponit,
1402 2817 1508 2895 qui
1561 2817 1950 2878 consulares
2001 2816 2369 2894 appellandi
2424 2817 2571 2877 sint.
2613 2820 2721 2894 „et
2758 2815 2901 2893 qui-

558 2924 704 2984 dem
779 2923 1082 2985 dicuntur
1155 2923 1254 2985 vel
1331 2925 1552 3000 potius
1627 2941 1698 2984 se
1778 2924 1897 3001 ipsi
1974 2923 2198 2984 dicunt
2270 2922 2695 2998 consulares;
2770 2939 2901 3000 quo

559 3015 822 3091 nomine
876 3033 978 3091 est
1027 3030 1268 3104 dignus
1321 3048 1535 3108 nemo,
1590 3031 1712 3091 nisi
1751 3031 1862 3108 qui·
1896 3030 2056 3092 tanti
2096 3029 2368 3090 honoris
2401 3046 2647 3090 nomen
2681 3031 2904 3106 potest

560 3130 956 3198 Sust·inere.“
1054 3137 1266 3209 Quam
1339 3137 1682 3199 lectionem
1755 3154 1792 3197 a
1862 3136 2037 3198 libris
2106 3136 2408 3197 traditam
2477 3135 2771 3196 Halmius
2841 3138 2904 3196 et

559 3242 912 3305 Muellerus
963 3247 1232 3305 tuentur
1281 3261 1623 3321 nuperque
1677 3244 1749 3305 Η.
1803 3243 1965 3320 Nohl
2018 3243 2363 3304 lectionem
2417 3241 2705 3304 defendit
2755 3258 2899 3302 curn

559 3350 709 3412 dicit
735 3351 780 3428 2)
827 3368 1118 3428 „nomen
1166 3353 1495 3414 sustinere
1544 3351 1645 3412 die
1692 3350 2273 3428 Verpfilchtungen
2324 3355 2575 3427 tragen,
2645 3350 2747 3410 die
2800 3349 2901 3410 ein

559 3455 819 3519 solc’ner
868 3457 1066 3520 Name
1118 3458 1506 3534 auferlegt.“
1559 3459 1702 3536 lpse
1756 3457 1967 3520 adfert
2016 3475 2098 3518 ex
2151 3457 2357 3519 Cicer.
2414 3457 2505 3518 De
2555 3457 2707 3518 Sen.
2747 3457 2783 3535 ξ
2823 3459 2902 3517 10

559 3555 864 3642 „luerunt
915 3567 949 3625 ii
1003 3568 1336 3645 consuleS,
1375 3553 1654 3645 quorum
1708 3570 1965 3628 mentes
2018 3569 2345 3640 angustae
2396 3581 2642 3626 nomen
2687 3565 2900 3642 ipsum

559 3672 946 3733 consulatus
1027 3690 1145 3735 nec
1227 3658 1457 3735 intueri
1530 3690 1648 3734 nec
1722 3673 2050 3734 sustl‘nere
2130 3673 2553 3750 potuerunt.“
2629 3671 2901 3732 Nohlius

560 3763 754 3841 etiarn
806 3779 1066 3843 confere
1119 3782 1329 3858 potuit
1380 3781 1775 3843 simillimum
1829 3781 2041 3842 locum
2095 3780 2220 3840 Pis.
2274 3781 2310 3858 ξ
2365 3781 2443 3840 19
2513 3779 2899 3856 „consulem

560 3903 684 3960 ego
735 3891 870 3947 turn
923 3874 1345 3966 quaerebam,
1384 3887 1725 3949 consulem
1774 3887 2059 3964 inquam,
2098 3904 2227 3946 non
2267 3887 2440 3947 illurn
2480 3886 2742 3963 quidem
2784 3935 2793 3945 .
2836 3935 2845 3945 .
2889 3935 2899 3947 .

560 3994 666 4070 qui
703 3983 999 4055 tueretur
1032 3995 1148 4054 sed
1187 3995 1293 4072 qui
1335 4044 1345 4054 .
1379 4045 1389 4055 .
1424 4045 1434 4055 .
1473 3998 1706 4071 posset
1740 3997 1959 4055 tamen
1995 3993 2325 4055 sustinere
2359 3991 2618 4053 ticulum
2656 4009 2900 4053 consu-

562 4100 1015 4162 latuS.'“Vides
1039 4101 1460 4178 aliquatenus
1491 4101 1799 4178 explicari
1831 4118 2032 4178 posse
2063 4102 2263 4161 verba
2290 4116 2534 4161 nomen
2554 4099 2897 4160 sustinere.

776 4314 817 4383 1)
862 4312 1029 4368 Conl.
1074 4312 1195 4368 Cle.
1241 4313 1336 4383 Ep.
1380 4313 1450 4368 ad
1504 4313 1702 4378 Quint.
1747 4312 1895 4368 Frat.
1940 4311 1996 4366 ll.
2039 4316 2069 4379 ξ
2108 4312 2142 4366 3
2181 4311 2410 4382 „ibatur
2463 4311 2516 4364 in
2578 4324 2703 4364 eam
2765 4324 2899 4363 sen-

557 4401 828 4472 tentiam3
867 4406 989 4458 turn
1035 4401 1282 4457 Clodius
1322 4406 1560 4470 rogatus
1600 4401 1749 4456 diem
1794 4401 2037 4456 dicendo
2080 4400 2332 4455 eximere
2374 4399 2615 4469 coepit.“

773 4492 816 4562 2)
859 4491 1461 4550 Ξεὴϋίετεοῐηῐηεηῒειτ,
1499 4506 1570 4546 zu
1613 4488 1735 4545 Cic,
1778 4490 1910 4562 phil.
1954 4489 2093 4546 Red.
2136 4490 2276 4545 1903
2318 4505 2443 4561 pag.
2484 4490 2567 4545 79.
