3409 5184
1367 735 1909 843 Praefatio

671 1019 736 1081 Si
791 1020 938 1098 quis
989 1021 1372 1099 meminerit,
1426 1039 1620 1101 quam
1672 1024 1866 1085 enixe
1919 1024 2169 1102 Halmii,
2215 1024 2527 1104 Muelleri,
2565 1027 2795 1090 Clarcii
2894 1074 2901 1082 .

457 1126 827 1188 orationum
881 1127 1378 1205 Philippicarum
1431 1129 1799 1190 recensioni
1837 1131 1902 1190 et
1937 1130 2377 1191 emendationi
2427 1132 2799 1194 studuerint

457 1249 858 1311 operamque
911 1235 1227 1312 navarint,
1281 1235 1334 1296 is
1383 1236 1604 1297 denuo
1640 1236 1720 1297 de
1760 1237 1989 1297 eadem
2026 1237 2297 1298 materia
2332 1254 2528 1312 agere
2564 1256 2799 1317 super·
2848 1295 2856 1303 .

456 1339 658 1402 fluum
710 1337 861 1402 esse
915 1341 1172 1403 iudicet.
1239 1341 1367 1404 Sed
1421 1343 1588 1404 idem
1640 1343 1791 1403 mihi
1844 1323 2163 1405 concedet
2211 1344 2430 1405 multis
2483 1345 2795 1406 in.rebus

460 1447 692 1508 iudicia
759 1446 989 1521 horum
1053 1448 1335 1522 virorum
1406 1466 1620 1527 neque
1685 1436 1749 1510 'in
1821 1466 2225 1511 consensum
2294 1451 2516 1513 abisse
2586 1454 2651 1512 et
2717 1451 2796 1512 de

356 1567 364 1576 ·
460 1569 588 1613 non
655 1554 882 1640 paucis
952 1553 1113 1614 locis
1181 1556 1379 1632 atque
1450 1555 1956 1632 quaestionibus
2007 1556 2333 1618 mansisse
2396 1556 2796 1636 dissensum.

461 1659 645 1731 Quae
699 1677 843 1722 curn
897 1661 983 1721 ita
1033 1660 1539 1738 sint‚'equidem
1592 1661 1834 1739 aliquid
1886 1662 2200 1740 temporis
2261 1663 2320 1723 in
2368 1661 2798 1723 orationibus

457 1767 934 1844 perlustrandis
984 1767 1388 1845 consumpsi,
1426 1767 1602 1846 quod
1653 1785 1894 1843 munus
1946 1786 2024 1831 eo
2076 1769 2383 1831 libentius
2432 1785 2797 1843 aggressus

457 1890 625 1950 sum,
673 1873 848 1951 quod
901 1874 975 1951 is,
1028 1874 1134 1952 qui
1189 1892 1397 1952 nuper
1446 1875 1784 1954 orationes
1837 1876 2056 1954 edidit,
2108 1876 2246 1938 Alb.
2284 1875 2464 1939 Curt.
2502 1875 2797 1949 Clarcius

458 1980 647 2042 novis
683 1980 859 2042 libris
909 1981 1214 2042 adhibitis
1266 1981 1554 2043 laborem
1607 1999 1822 2044 meum
1874 1983 2262 2045 sublevavit.

672 2088 734 2148 ln
789 2087 1064 2149 edendis
1115 2089 1526 2150 orationibus
1579 2089 1952 2168 Philippicis
2003 2091 2134 2151 duo
2187 2090 2493 2151 librorum
2553 2105 2799 2163 genera

459 2196 649 2257 nobis
702 2198 966 2273 praesto
1018 2197 1193 2256 sunt.
1248 2195 1343 2256 Ab
1394 2196 1600 2256 altera
1650 2199 1833 2273 parte
1884 2198 2016 2256 stat
2049 2195 2406 2257 Vaticanus
2457 2195 2616 2257 liber
2666 2195 2797 2272 (V),
2862 2179 2867 2185 ’
2944 2207 2965 2264 ·,
3088 2239 3095 2246 .

407 2364 414 2370 .
459 2305 564 2382 qui
617 2303 908 2364 continet
957 2306 1146 2363 oratt.
1200 2301 1388 2363 l—Xl
1441 2304 1479 2381 ξ
1530 2303 1650 2378 22;
1721 2306 1811 2364 or.
1864 2302 1965 2363 Xll
2018 2303 2098 2381 ἓξ
2151 2303 2449 2378 12-23;
2492 2317 2612 2363 ‘or.
2665 2300 2791 2361 Xlll

373 2388 382 2396 ’
458 2410 538 2488 ἐξ
577 2411 829 2484 1-1Ο;
881 2409 961 2470 ab
999 2407 1218 2482 ,altera
1269 2411 1450 2486 parte
1503 2411 1658 2469 sunt
1708 2409 1902 2470 ceteri
1956 2405 2091 2470 libri
2140 2426 2393 2487 omneS,
2430 2426 2513 2470 ex
2558 2407 2797 2486 quibus

459 2515 751 2577 Halmius
781 2515 1062 2576 maxime
1092 2517 1404 2593 quattuor
1438 2515 1735 2576 adhibuit
1772 2516 1839 2592 (a
1862 2538 1882 2577 .·
1914 2515 2255 2589 Bamberg.
2284 2538 2297 2593 ;
2332 2515 2375 2576 b
2398 2538 2419 2606 ‚j
2448 2515 2795 2590 Bernen8.;

447 2641 532 2700 g:
577 2622 994 2696 Gudianum3
1047 2623 1113 2682 t:
1151 2621 1498 2700 Tegerns.)
1596 2621 1719 2694 Qui
1772 2622 1907 2685 libri
1963 2622 2213 2684 Halmio
2264 2625 2532 2684 auctore
2586 2622 2799 2683 littera

353 2797 359 2802 ,
455 2731 514 2791 D
561 2729 1028 2804 significantur.
1127 2729 1421 2792 Clarcius
1465 2729 1532 2789 in
1585 2730 1973 2791 recensione
2012 2732 2353 2807 praeterea
2403 2728 2589 2790 codd.
2626 2727 2797 2789 Vos-

457 2839 645 2899 siano
685 2837 783 2916 (n)
843 2840 907 2897 et
957 2836 1161 2910 Regio
1201 2835 1274 2915 (l)
1315 2853 1478 2897 usus
1532 2837 1592 2896 in
1644 2836 2076 2918 oratt.‚l—lV
2126 2836 2297 2897 duos
2349 2835 2682 2904 Parisinos
2733 2838 2797 2896 et

458 2944 949 3005 Berolinensem
1030 2942 1321 3016 contulit,
1374 2959 1543 3020 quos
1595 2942 1795 3003 libros
1876 2943 2087 3003 littera
2166 2959 2203 3003 c
2277 2940 2795 3019 comprehendit,

458 3051 699 3129 quique
770 3050 1065 3111 eiusdem
1132 3048 1410 3110 familiae
1481 3052 1637 3110 sunt
1704 3051 1902 3127 atque
1972 3049 2106 3110 libri
2179 3048 2516 3109 Halmiani.
2588 3047 2649 3107 ln
2719 3047 2795 3107 iis

457 3158 751 3236 partibus
802 3157 1105 3234 denique,
1145 3173 1314 3234 quae
1369 3160 1483 3218 aut
1534 3157 1595 3216 in
1641 3156 1693 3217 V
1733 3160 1847 3217 aut
1896 3156 1957 3216 in
2006 3156 2065 3216 D
2112 3155 2589 3233 desiderantur,
2620 3158 2686 3216 et
2734 3154 2793 3214 in

457 3269 751 3327 extrema
800 3265 1169 3326 orationum
1240 3266 1443 3341 parte,
1514 3281 1659 3325 cum
1731 3281 1969 3337 magna
2036 3263 2361 3324 librorum·
2410 3261 2627 3339 inopia
2689 3260 2793 3337 sit,

457 3372 860 3438 Oxoniensis
914 3372 1008 3451 (o)
1062 3374 1128 3432 et
1187 3370 1573 3433 Harleianus
1626 3371 1725 3451 (h)
1781 3371 1970 3432 nobis
2024 3358 2513 3448 praesto'sunt.

672 3478 926 3551 Quibus
1001 3479 1061 3537 in
1098 3459 1308 3539 'libris
1375 3477 1874 3538 fundamentum
1927 3475 2226 3537 lectionis
2290 3473 2793 3535 constituendae

353 3651 360 3658 ,
456 3587 742 3664 positum
795 3588 916 3646 est.
1014 3585 1228 3663 Atque
1280 3600 1425 3645 cum
1476 3583 1609 3645 duo
1660 3583 1968 3644 librorum
2021 3597 2267 3655 genera
2316 3581 2792 3657 discernantur,

455 3697 726 3772 apparet
775 3693 1057 3754 criticam
1109 3691 1337 3752 harum
1389 3691 1758 3752 orationum
1806 3689 2259 3750 tractationem
2297 3688 2358 3748 in
2395 3702 2474 3748 eo
2513 3686 2792 3747 maxime
2884 3715 2891 3722 ·

454 3800 720 3877 versari,
773 3803 862 3877 ut,
913 3802 1058 3860 utra
1107 3798 1450 3876 sequenda
1499 3799 1582 3858 sit
1631 3797 1891 3874 familia,
1962 3796 2417 3857 constituatur.
2514 3793 2793 3857 Carolus

456 3905 747 3968 Halmius
818 3907 1102 3985 quidem,
1176 3903 1624 3966 Wernsdoriio
1680 3906 2041 3980 praeeunte
2072 3904 2136 3980 ¹),
2190 3902 2307 3963 sibi
2371 3904 2796 3980 persuaserat

456 4012 843 4074 interlibros
881 4016 1148 4073 nostros
1188 4011 1329 4072 cod.
1356 4010 1741 4071 Vaticanum
1780 4010 1973 4082 longe
2010 4008 2295 4070 eminere
2341 4011 2405 4068 et
2439 4007 2792 4085 principem

457 4117 669 4179 locum
721 4119 1038 4195 obtinere,
1093 4118 1198 4194 ita,
1251 4120 1321 4178 ut
1381 4116 1574 4177 etiarn
1626 4118 1785 4190 tum,
1839 4130 1983 4175 cum
2046 4113 2232 4175 codd.
2285 4113 2342 4173 D
2391 4107 2791 4199 probabilem

455 4223 798 4285 lectionem
851 4224 1260 4300 exhiberent,
1299 4224 1357 4283 in
1396 4223 1713 4283 Vaticano
1759 4219 2133 4297 corruptela
2185 4218 2386 4280 latere
2442 4217 2791 4295 videretur,

667 4399 708 4469 ¹)
751 4397 1053 4478 Ciceronis
1093 4396 1277 4458 Oratt.
1322 4396 1464 4457 Phil,
1509 4396 1563 4450 in
1605 4394 1920 4454 Antonium
1966 4393 2050 4456 ed.
2081 4391 2432 4455 Wernsdorf.
2473 4390 2628 4451 1821.
2668 4390 2791 4453 Vol,

456 4485 490 4544 Ι.
533 4501 698 4564 pagg.
742 4487 829 4542 lV.
868 4485 933 4548 V.

1287 4847 1698 4935 17:35261.
