3409 5184
1365 723 1586 804 Orat.
1632 725 1741 804 Ν.
1803 731 1842 825 ἓ
1908 728 1972 802 1’.

709 925 801 987 Ex
866 924 1180 987 Vaticano
1255 923 1468 986 editur
1560 924 1996 1004 „Frequentia
2063 927 2355 988 vestrum
2425 925 2837 1005 incredibilis,

495 1031 803 1109 QuiriteS‚
873 1031 1226 1109 contioque
1274 1032 1478 1108 tanta,
1546 1034 1861 1109 quantam
1934 1032 2313 1093 meminisse
2388 1049 2518 1094 non
2589 1033 2836 1112 videor,

496 1140 561 1200 et
610 1138 1014 1200 alacritatem
1065 1136 1217 1198 mihi
1269 1154 1594 1199 summam
1630 1136 2085 1200 defendendae
2132 1138 2220 1200 rei
2281 1138 2581 1216 publicae
2631 1138 2839 1201 adfert

496 1248 561 1307 et
610 1253 796 1323 spem
849 1245 1408 1322 recuperandae.“

709 1369 841 1432 Sed
900 1369 1055 1448 quid
1124 1373 1227 1431 est
1293 1368 1506 1431 lenius
1574 1385 1773 1447 quam
1847 1369 2155 1448 scribere,
2225 1373 2296 1433 ut
2345 1370 2406 1432 in
2458 1371 2511 1432 D
2559 1370 2837 1433 traditur

496 1493 725 1556 „spem
776 1475 1267 1554 recuperandae
1315 1473 1706 1548 libertatisf‘
1753 1475 1911 1538 Nam
1963 1475 2303 1539 Ciceronis
2353 1478 2684 1556 proprium
2737 1479 2841 1539 est

496 1585 556 1646 in
605 1582 848 1646 talibus
899 1583 1250 1645 sententiis
1301 1583 1490 1661 quasi
1544 1583 1719 1662 eniti,
1780 1587 1852 1646 ut
1901 1584 2109 1646 oratio
2161 1585 2253 1646 sic
2303 1587 2685 1648 constructa
2733 1585 2837 1663 sit,

496 1695 568 1753 ut
615 1707 732 1769 par
780 1690 914 1768 pari
969 1689 1283 1752 reddatur
1331 1689 1432 1750 vel
1484 1690 1904 1768 respondeat.
1958 1691 2133 1754 Satis
2184 1691 2305 1753 erit
2352 1691 2483 1754 duo
2536 1691 2839 1770 exempla

497 1797 825 1876 proferre:
895 1814 988 1860 or.
1039 1795 1196 1858 Phil.
1248 1796 1320 1858 V.
1372 1797 1410 1876 ξ
1462 1796 1488 1857 1
1549 1813 1724 1876 ,,ηοη
1776 1797 1973 1860 modo
2042 1797 2277 1860 salutis
2323 1797 2837 1880 conservandae,

497 1922 722 1967 verum
771 1906 967 1966 etiam
1017 1903 1354 1982 dignitatis
1402 1904 1716 1982 pristinae
1766 1903 2295 1981 reciperandae.“
2352 1905 2447 1966 De
2499 1904 2651 1979 Leg.
2688 1904 2838 1979 Agr.

499 2013 536 2075 l.
572 2014 611 2092 ξ
654 2014 735 2074 17
787 2015 921 2092 ‚,ut,
958 2028 1104 2074 cum
1153 2015 1360 2073 totam
1411 2009 1653 2073 ltaliam
1689 2010 2000 2073 militibus
2035 2011 2175 2072 suis
2212 2010 2612 2089 occuparint,
2650 2011 2841 2072 nobis

498 2135 626 2180 non
705 2118 902 2181 modo
974 2117 1310 2196 dignitatis
1385 2117 1778 2198 retinendae,
1849 2116 1968 2179 sed
2041 2134 2121 2179 ne
2191 2115 2515 2180 libertatis
2578 2117 2840 2196 quidem

498 2225 980 2303 recuperandae
1025 2241 1185 2303 spes
1235 2222 1709 2303 relinquatur.“

1378 2505 1598 2586 Orat.
1643 2506 1725 2585 V.
1789 2512 1829 2606 ξ
1889 2507 1958 2584 6.

713 2706 1009 2770 Clarcius
1060 2706 1153 2768 sic
1205 2705 1406 2768 edidit
1453 2706 1734 2785 „agitur,
1786 2708 2001 2768 utrum
2054 2705 2157 2782 M.
2210 2705 2494 2768 Antonio
2561 2705 2841 2769 facultas

500 2815 690 2877 detur
768 2813 1236 2893 opprimendae
1288 2814 1377 2876 rei
1429 2813 1751 2892 publicae,
1834 2810 2057 2875 caedis
2105 2811 2444 2875 faciendae
2496 2814 2839 2892 bonorum,

500 2921 701 3001 urbiS,
738 2938 1043 2996 agrorum
1080 2921 1221 2982 suis
1257 2920 1621 2983 latronibus
1657 2918 2095 3000 condonandi,
2125 2918 2439 2998 populum
2476 2920 2841 2982 Romanum

500 3028 817 3090 servitute
870 3026 1298 3106 opprimendi,
1350 3043 1431 3088 an
1484 3027 1717 3090 horum
1767 3029 1824 3090 ei
1873 3027 2089 3090 facere
2143 3026 2298 3089 nihil
2352 3028 2606 3090 liceat.“

713 3151 861 3224 Quo
913 3151 1057 3214 loco
1106 3154 1329 3212 exstat
1379 3150 1725 3213 difficultas
1775 3153 2011 3215 summi
2048 3152 2360 3215 momenti
2398 3168 2473 3214 ac
2509 3152 2840 3230 ponderis,

500 3258 876 3336 VideamuS,
935 3257 1091 3336 quid
1142 3256 1405 3319 codices
1455 3257 1832 3321 exhibeant.
1927 3259 2285 3322 Vaticanus
2351 3258 2583 3320 tradit:
2663 3258 2848 3321 urbis

500 3365 938 3427 eruendorum
1003 3381 1315 3442 agrorum
1381 3364 1805 3427 condonandi
1860 3364 2069 3445 [urbis
2126 3382 2327 3427 eruen
2384 3381 2474 3448 m„
2525 3365 2587 3428 in
2648 3367 2843 3445 raS.];

1390 3467 1873 3536 diripiendorum

503 3543 592 3604 D:
659 3542 1142 3620 eripiendorum
1200 3542 1282 3621 (lz
1342 3542 1943 3620 deprimendorum)
2011 3542 2195 3606 urbis
2263 3561 2595 3622 agrorum.
2664 3543 2843 3606 Vati-

501 3652 642 3713 cani
694 3651 1041 3712 lectionem
1091 3650 1347 3712 defendi
1400 3667 1530 3712 non
1581 3668 1784 3729 posse
1836 3652 2002 3712 inter
2051 3668 2285 3714 omnes
2335 3651 2626 3714 editores
2686 3667 2844 3714 con-

502 3762 651 3820 stat.
720 3757 1012 3821 Halmius
1066 3758 1343 3820 coniecit
1400 3756 1581 3819 urbis
1629 3757 2025 3835 diripiendae
2073 3759 2175 3820 vel
2220 3757 2400 3821 urbis
2438 3757 2842 3839 partiendae,

501 3865 679 3944 quod
749 3864 1037 3927 editores
1105 3865 1507 3928 recentiores
1576 3881 1883 3939 magnam
1951 3868 2203 3943 partem
2272 3868 2666 3944 receperunt
2723 3865 2842 3943 (sic

503 3971 817 4050 KlotziuS,
868 3971 1225 4034 Muellerus
1263 3971 1428 4050 alii.)
1502 3971 1633 4034 Sed
1684 3975 1859 4034 recte
1911 3971 2210 4035 Clarcius
2262 3976 2487 4034 monet
2512 3973 2560 4050 ι)
2610 3971 2845 4050 „these

503 4077 612 4122 are
648 4061 894 4123 violent
929 4060 1453 4123 emendationS.“
1506 4060 1698 4139 ldem,
1736 4065 1807 4122 ut
1841 4062 2120 4123 oratoris
2157 4061 2357 4123 verba
2393 4061 2842 4138 restituantur,

503 4167 693 4229 aliam
745 4169 914 4229 viam
966 4168 1262 4230 instituit.
1299 4167 1731 4230 RatiocinatIO
1782 4167 2144 4229 doctissimi
2196 4167 2310 4229 viri
2361 4167 2525 4230 haec
2573 4166 2706 4229 fere
2744 4170 2846 4228 est

503 4273 706 4354 „urbs
754 4278 819 4337 et
866 4275 1012 4352 agri
1068 4278 1200 4336 tam
1269 4276 1406 4336 arte
1477 4275 1641 4336 inter
1708 4292 1781 4336 se
1851 4275 2200 4336 coniuncta
2268 4278 2443 4354 sunt,
2508 4278 2579 4337 ut
2645 4274 2847 4335 verba

718 4420 890 4537 1)-ὲ1.
933 4466 1074 4524 Rev.
1115 4467 1271 4522 1900.
1313 4483 1440 4538 pag.
1481 4467 1602 4525 405.
