3409 5184
494 690 814 753 similibus
885 690 1143 768 probari
1211 707 1412 768 posse
1482 708 1554 752 se
1625 708 1777 753 esse
1837 690 2099 752 hostem
2135 689 2425 768 patriae“
2478 690 2577 751 vel
2628 707 2719 751 or.
2774 706 2832 751 m

495 797 638 860 Cat.
693 797 785 858 lV.
838 799 875 877 ξ
929 799 1008 858 1Ο
1059 798 1210 876 „qui
1263 800 1482 859 autem
1534 798 1620 859 rei
1676 798 1974 875 publicae
2012 797 2097 858 sit
2143 797 2375 872 hostis,
2427 814 2574 858 eum
2626 797 2832 859 civem

495 922 646 966 esse
698 904 874 966 nullo
925 903 1120 965 modo
1172 921 1374 981 posse
1426 903 1526 982 (C.
1579 903 1832 966 Caesar
1867 903 2226 982 intellegit).

710 1047 848 1108 l-luc
898 1045 1168 1124 accedit,
1220 1046 1398 1124 quod
1449 1046 1574 1108 alio
1627 1045 1771 1107 loco
1823 1046 2103 1107 oratoris
2174 1045 2621 1106 annominatio
2690 1063 2837 1107 ver-

496 1153 725 1214 borum
771 1155 830 1212 in
860 1151 1176 1214 Vaticano
1217 1152 1356 1213 sive
1392 1169 1552 1214 casu
1587 1152 1727 1214 sive
1766 1152 1845 1214 de
1886 1137 2204 1213 industria
2239 1151 2510 1214 deletur.
2561 1152 2839 1214 Exstant

501 1259 671 1320 enim
731 1277 822 1321 or.
877 1259 937 1320 ll.
990 1261 1028 1338 ξ
1079 1259 1159 1321 25
1196 1260 1254 1319 in
1306 1259 1358 1320 V
1409 1258 1571 1320 haec
1623 1259 2184 1337 „praevicatorem
2236 1258 2385 1320 mibi
2438 1259 2835 1337 apposuisse

503 1366 743 1444 videar,
796 1367 902 1444 qui
955 1385 1056 1428 me
1107 1384 1236 1428 non
1289 1367 1501 1428 solum
1552 1367 1716 1428 meis
1767 1366 2070 1428 laudibus
2122 1369 2403 1442 ornaret,
2473 1368 2592 1429 sed
2642 1368 2836 1429 etiam

503 1473 799 1534 alieniS.“
851 1473 982 1535 Sed
1033 1490 1228 1552 quam
1280 1473 1474 1548 longe
1524 1472 1711 1534 aliter
1757 1473 1899 1534 fluit
1948 1473 2177 1551 orati0‚
2215 1473 2267 1534 si
2305 1473 2491 1535 codd.
2531 1473 2582 1534 D
2630 1475 2836 1537 secuti

503 1580 780 1654 legimus
818 1581 969 1660 „qui
1023 1598 1125 1642 me
1178 1599 1309 1643 non
1361 1581 1574 1642 solum
1627 1581 1790 1642 meis
1826 1579 2132 1642 laudibus
2169 1581 2450 1658 ornaret,
2489 1579 2606 1642 sed
2644 1580 2837 1642 etiam

504 1690 809 1749 oneraret
854 1688 1150 1748 alieniS.“

715 1829 912 1891 Tales
993 1831 1342 1892 verborum
1422 1830 2001 1891 annominationes
2112 1830 2286 1907 apud
2382 1830 2839 1909 Ciceronem¹)

503 1937 800 2015 aliosque
875 1941 1181 1999 auctores
1264 1954 1586 2016 persaepe
1683 1937 2106 1998 inveniuntur
2135 1937 2183 2016 2)
2280 1954 2495 2015 neque
2576 1937 2839 2015 desunt,

502 2044 742 2122 quibus
795 2045 1283 2106 demonstretur
1333 2044 1629 2106 librarios
1680 2044 1994 2106 audacter
2035 2044 2189 2105 talia
2235 2061 2350 2121 pro
2402 2061 2525 2105 suo
2576 2044 2840 2106 arbitrio

504 2167 632 2211 non
685 2151 880 2212 modo
933 2151 1323 2229 correxisse,
1376 2150 1493 2212 sed
1546 2151 1740 2212 etiam
1793 2150 2143 2212 delevisse.
2243 2150 2418 2212 Satis
2469 2151 2589 2212 erit
2638 2168 2839 2213 unum

503 2260 699 2336 atque
750 2258 1100 2319 dilucidum
1154 2258 1526 2336 exemplum
1580 2258 1885 2336 proferre.
1940 2258 2001 2318 ln
2055 2261 2216 2319 orat.
2271 2275 2386 2336 pro
2439 2257 2592 2319 Sex,
2646 2258 2837 2320 Rosc.

503 2363 641 2425 Am.
694 2366 732 2442 ξ
785 2367 908 2425 112
980 2364 1254 2426 traditur
1327 2365 1655 2443 „suscipis
1731 2381 1901 2426 onus
1975 2363 2185 2442 officii,
2261 2364 2437 2442 quod
2508 2367 2571 2425 te
2646 2367 2841 2440 putas

503 2471 830 2532 sustinere
881 2488 1104 2549 posse.
1158 2471 1352 2544 Quod
1403 2472 1662 2532 minime
1703 2487 1915 2548 grave
1964 2470 2220 2531 videtur
2270 2471 2365 2548 iis,
2419 2471 2525 2547 qui
2579 2470 2839 2532 minime

505 2577 622 2654 ipsi
675 2578 856 2640 leves
903 2581 1123 2640 sunt.“
1220 2579 1434 2640 Locus
1486 2582 1705 2639 autem
1768 2579 1860 2639 sic
1922 2577 2374 2639 restituendus
2448 2580 2551 2638 est
2619 2577 2839 2655 „quod

503 2685 761 2746 minime
811 2685 956 2747 leve
1002 2686 1259 2748 videtur
1311 2686 1406 2763 iis,
1459 2685 1566 2764 qui
1620 2684 1881 2746 minime
1935 2684 2054 2762 ipsi
2106 2683 2289 2745 leves
2338 2686 2634 2763 sunt.“³⁵)

1355 3003 1574 3080 Orat.
1625 3003 1695 3078 ll.
1762 3006 1807 3106 ξ
1870 3005 1993 3080 68.

720 3238 1044 3299 Antonius
1096 3238 1294 3299 rebus
1346 3237 1610 3316 Pompei
1663 3237 1959 3299 sectione
2020 3238 2141 3298 sibi
2205 3238 2448 3315 paratis
2519 3237 2576 3297 in
2648 3237 2843 3299 domo

509 3347 652 3406 eius
687 3345 1067 3423 turpissima
1104 3362 1408 3424 quaeque
1455 3345 1799 3407 commisit.
1855 3345 2049 3418 Quod
2102 3344 2374 3406 inultum
2423 3344 2561 3408 fore
2613 3344 2844 3407 Cicero

511 3456 709 3526 negat

723 3595 887 3656 „nec
923 3595 1078 3639 vero
1115 3580 1178 3638 te
1217 3594 1526 3655 umquam
1566 3594 1781 3655 neque
1819 3576 2195 3651 vigilantem
2232 3593 2447 3654 neque
2486 3576 2543 3637 in
2593 3576 2845 3637 somnis

723 3684 916 3745 credo
992 3701 1192 3762 posse
1263 3687 1479 3745 mente
1549 3684 1933 3745 consistere.
2031 3682 2319 3744 Necesse
2372 3687 2493 3760 est,
2546 3683 2845 3760 quamvis

724 3792 836 3868 siS,
915 3794 985 3851 ut
1057 3808 1149 3868 eS‚
1202 3789 1528 3852 violentus
1599 3793 1665 3852 et
1728 3790 1975 3865 furem,
2044 3807 2189 3851 cum
2258 3789 2369 3851 tibi
2440 3789 2696 3850 obiecta
2764 3789 2847 3849 sit

723 3897 982 3974 species
1019 3896 1371 3970 singularis
1408 3897 1542 3974 viri,
1581 3896 1992 3974 perterritum
2039 3900 2102 3957 te
2150 3896 2228 3956 de
2276 3912 2511 3956 somno
2558 3895 2843 3971 excitari,

722 4003 933 4065 furere
986 4004 1179 4065 etiam
1231 4021 1433 4082 saepe
1485 4004 1928 4078 vigilantem.“

729 4215 768 4284 ¹)
812 4213 978 4269 Conf.
1021 4215 1182 4283 Frag.
1229 4214 1341 4269 Pis,
1383 4213 1522 4269 Vlll.
1564 4214 1756 4283 „quod
1797 4215 2098 4269 minimum
2142 4213 2435 4283 specimen
2480 4211 2721 4281 ingenii;
2762 4211 2847 4264 in-

509 4303 661 4373 genii
705 4304 941 4358 autem?
983 4304 1154 4358 immo
1198 4303 1429 4371 ingenui
1472 4303 1726 4358 hominis
1767 4319 1832 4358 ac
1873 4303 2088 4358 liberi.“
2458 4299 2465 4304 ’

726 4393 768 4461 2)
811 4391 978 4447 Conf.
1023 4393 1184 4447 Arcli.
1225 4392 1258 4446 f.
1303 4391 1439 4447 Lex.
1481 4393 1620 4447 1886
1660 4408 1786 4462 pag.
1828 4392 1945 4448 456.

726 4482 769 4554 3)
813 4481 978 4536 Conf.
1023 4480 1427 4560 Landgrafium
1472 4481 1544 4536 ad
1586 4480 1738 4536 bunc
1779 4481 1985 4544 locum,
