3409 5184
1469 1205 1837 1343 Caput
1916 1207 2050 1313 lll.

797 1779 922 1844 lam
974 1782 1126 1844 mihi
1187 1781 1597 1861 propositum
1668 1786 1792 1862 est,
1863 1786 1933 1844 ut
2001 1783 2081 1845 de
2150 1782 2483 1844 nonnullis
2557 1783 2925 1844 orationum

583 1889 764 1968 locis,
815 1906 985 1968 quos
1035 1890 1437 1968 depravatos
1488 1908 1641 1952 esse
1693 1894 1808 1952 aut
1857 1907 2091 1952 omnes
2143 1891 2517 1953 concedunt
2566 1893 2680 1953 aut
2739 1890 2926 1968 equi-

583 1997 731 2058 dem
783 1996 973 2058 solus
1040 1999 1223 2075 put0,
1293 1997 1665 2059 accuratius
1741 2011 2093 2076 exponam,
2162 2014 2294 2075 qua
2344 1997 2596 2059 ratione
2657 1996 2930 2058 arbitrer

583 2103 907 2166 medelam
958 2121 1161 2182 posse
1214 2103 1444 2166 afferri.
1497 2104 1630 2168 Sed
1681 2105 1742 2166 in
1795 2104 1916 2167 hac
1968 2107 2151 2183 parte
2203 2103 2693 2167 dissertationis
2739 2119 2925 2165 meae

583 2225 797 2287 pauca
845 2225 1278 2287 praemonere
1329 2209 1480 2271 mihi
1533 2209 1745 2272 liceat.
1801 2209 2116 2288 Equidem
2153 2226 2284 2272 non
2323 2210 2551 2285 ignoro
2589 2210 2928 2285 eleganter

583 2317 882 2379 conicere
932 2319 998 2379 et
1046 2317 1398 2379 emendare
1450 2316 1733 2379 hominis
1785 2333 1938 2380 esse
1991 2320 2056 2380 et
2105 2317 2617 2392 ingeniosissimi
2670 2320 2736 2379 et
2784 2332 2927 2378 om-

583 2423 685 2484 nis
735 2422 1009 2485 rationis
1058 2423 1577 2502 disciplinaeque
1629 2425 2027 2503 peritissimi.
2099 2424 2295 2498 Quod
2346 2425 2399 2487 si
2452 2425 2651 2486 nihilo
2703 2425 2922 2487 minus

587 2528 832 2606 aliquid
885 2546 1132 2607 ponere
1183 2529 1283 2592 vel
1336 2532 1630 2592 statuere
1681 2547 1891 2593 ausus
1942 2548 2111 2610 sum,
2160 2531 2313 2594 illud
2362 2531 2444 2594 M.
2485 2531 2721 2610 l-laupti
2774 2530 2925 2592 mihi
3036 2574 3043 2582 .

583 2635 643 2696 in
717 2639 1008 2698 mentem
1078 2637 1257 2698 venit
1325 2636 1537 2699 maius
1608 2654 1763 2699 esse
1831 2638 2033 2700 verba
2102 2638 2442 2716 scriptoris
2517 2638 2925 2717 interpretari

583 2759 780 2821 quam
833 2743 1058 2806 nescio
1121 2760 1253 2822 quo
1327 2760 1488 2806 casu
1560 2744 1619 2804 in
1694 2744 1979 2823 aliquam
2049 2745 2423 2821 elegantem
2496 2745 2926 2807 mutationem

582 2849 773 2928 quasi
826 2850 1132 2913 incidere.

799 2957 927 3019 lam
979 2958 1306 3036 quosdam
1357 2958 1542 3021 locos
1591 2960 1994 3021 tractemus!

1452 3257 1672 3336 Orat.
1722 3258 1764 3334 l.
1829 3265 1868 3357 ξ
1929 3257 2051 3336 35.

606 3562 611 3565 Π
798 3475 930 3537 Res
980 3474 1321 3553 postulare
1372 3474 1650 3553 videtur,
1702 3477 1775 3536 ut
1822 3477 2032 3537 totum
2084 3475 2321 3554 locum,
2384 3475 2599 3554 qualis
2652 3475 2710 3536 in
2762 3475 2815 3537 V
2865 3478 2931 3538 et

584 3582 645 3642 in
699 3581 751 3643 D
803 3584 927 3659 est,
979 3597 1450 3660 proponamus,

1085 3705 1138 3767 V
2160 3785 2164 3791 Ι
2379 3708 2430 3769 D

584 3848 787 3909 quare
846 3830 1037 3893 flecte
1098 3834 1183 3909 te,
1245 3848 1522 3909 quaeSO,
1585 3832 1649 3892 et
1868 3848 2070 3910 quare
2140 3831 2327 3895 flecte
2388 3836 2474 3910 te,
2536 3847 2814 3910 quaem,
2867 3834 2932 3893 et

585 3939 868 4001 maiores
928 3941 1081 4000 tuos
1143 3938 1396 4016 respice
1447 3941 1646 4016 atque
1869 3938 2155 4000 maiores
2203 3941 2359 4000 tuos
2425 3938 2678 4016 respice
2730 3941 2929 4016 atque

584 4045 675 4106 ita
704 4044 1001 4120 guberna
1036 4063 1170 4107 rem
1206 4046 1552 4124 publicam,
1579 4049 1651 4108 ut
1871 4046 1958 4107 ita
2007 4046 2305 4120 guberna
2372 4061 2507 4106 rem
2578 4043 2929 4123 publicam,

584 4155 807 4214 natum
859 4169 1011 4214 esse
1047 4156 1110 4214 te
1147 4152 1323 4215 cives
1358 4153 1448 4214 tui
1485 4170 1649 4228 gau-
1870 4155 1942 4213 ut
1992 4155 2215 4213 natum
2268 4169 2420 4214 esse
2470 4155 2535 4213 te
2599 4151 2778 4214 cives
2836 4151 2928 4213 tui

584 4259 812 4321 deant:
865 4259 1007 4322 sine
1059 4276 1190 4337 quo
1241 4276 1360 4322 nec
1412 4260 1649 4321 beatus
1872 4259 2235 4334 gaudeant:
2273 4258 2414 4319 sine
2467 4275 2599 4337 quo
2652 4275 2770 4321 nec
2816 4259 2932 4320 be-

585 4382 703 4429 nec
752 4364 967 4428 clarus
1011 4383 1136 4428 nec
1181 4368 1418 4428 unctus
1472 4366 1652 4444 quss-
1872 4369 2022 4427 atus
2084 4382 2203 4428 nec
2262 4364 2478 4427 clarus
2535 4381 2684 4429 esse
2753 4365 2932 4448 quis-

585 4491 784 4552 quam
842 4490 992 4542 esse
1027 4473 1244 4538 -omm‘
1292 4475 1650 4552 potestate.
1872 4490 2072 4555 quam
2110 4474 2356 4557 potest,
