3409 5184
1425 412 1861 472 -61...-

1343 672 1564 752 Orat.
1615 673 1658 749 l.
1724 679 1763 772 ξ
1825 673 1948 750 37.

684 909 938 986 Cicero,
992 912 1346 986 postquam
1400 908 1686 969 narravit
1746 907 1947 971 Bruto
2016 909 2275 971 absenti
2350 908 2521 970 ludis
2572 908 2817 987 Apolli-

472 1017 742 1080 naribus
816 1015 1189 1091 singulares
1263 1014 1554 1076 honores
1622 1015 1907 1076 tributos
1977 1032 2152 1093 esse,
2223 1016 2438 1093 pergit
2506 1015 2680 1077 hunc
2754 1015 2815 1075 in

470 1125 772 1186 modum:
837 1122 1189 1202 „equidem
1242 1122 1295 1182 is
1356 1136 1523 1198 surn,
1599 1121 1708 1199 qui
1782 1121 1947 1182 istos
2016 1121 2316 1200 plausuS,
2390 1139 2536 1185 curn
2603 1139 2819 1199 popu-

467 1230 716 1293 laribus
764 1229 1020 1292 civibus
1066 1229 1528 1306 tribuerentur,
1596 1245 1862 1306 semper
1910 1231 2440 1309 contempserim,
2511 1229 2817 1308 idemque

470 1355 524 1400 e.
562 1355 622 1416 q.
661 1339 761 1398 s.“
814 1337 919 1399 Sic
971 1335 1289 1398 exhibent
1323 1334 1373 1396 V
1410 1335 1424 1395 l
1462 1352 1500 1395 n
1537 1338 1593 1411 t;
1646 1335 1835 1396 codd.
1890 1352 1921 1398 c
1979 1353 2020 1396 a
2060 1334 2496 1412 popularibus
2542 1335 2814 1399 civibus,

470 1445 684 1518 Quam
759 1443 1105 1506 lectionem
1180 1442 1262 1503 ab
1336 1441 1643 1503 omnibus
1725 1445 1953 1504 contra
2022 1441 2457 1505 Garatonium
2526 1447 2815 1522 spretam

471 1568 623 1613 esse
694 1551 943 1628 optimo
1017 1549 1154 1611 iure
1231 1565 1424 1610 nemo
1499 1553 1603 1610 est
1670 1550 1779 1628 qui
1852 1553 2068 1623 neget.
2168 1550 2393 1628 Neque
2464 1551 2635 1612 enirn
2686 1550 2818 1612 ullo

471 1658 667 1720 modo
719 1657 960 1719 deesse
1022 1658 1265 1734 potest,
1336 1655 1436 1717 cui
1508 1654 1800 1717 honores
1868 1656 2258 1718 tribuantur.
2356 1657 2487 1719 Sed
2557 1658 2617 1719 in
2693 1658 2818 1720 alio

469 1764 734 1826 haereo.
833 1761 1007 1825 Cum
1046 1760 1484 1840 popularibus
1533 1759 1789 1824 civibus
1852 1759 2307 1824 tribuerentur.
2406 1764 2581 1826 Licet
2648 1765 2818 1826 enirn

469 1887 790 1949 quaerere
842 1887 924 1948 „a
973 1887 1106 1948 quo
1155 1869 1423 1931 tandem
1449 1871 1524 1930 ?“
1608 1868 1699 1931 Ex
1751 1868 2191 1946 sequentibus
2244 1869 2462 1930 verbis
2513 1887 2595 1947 „a
2636 1887 2820 1932 sum-

468 1978 612 2060 mis,
686 1977 937 2059 mediis,
1008 1976 1272 2058 infimiS,
1341 1993 1488 2038 cum
1557 1976 1843 2054 denique
1909 1976 1990 2037 ab
2062 1975 2391 2037 universis
2455 1976 2579 2039 hoc
2648 1978 2817 2039 idem

467 2084 580 2146 fit“
661 2085 979 2162 adparere
1055 2083 1312 2145 videtur
1383 2098 1612 2144 vocem
1694 2081 1958 2142 deesse.
2066 2079 2384 2158 Campius
2464 2083 2819 2162 aliquando

471 2191 890 2269 proposuit¹)
961 2207 1002 2250 a
1063 2187 1300 2266 populi
1351 2190 1578 2265 pathe,-
1654 2187 1960 2266 equidem
2042 2188 2409 2265 putaverim
2490 2190 2582 2252 sic
2664 2207 2819 2254 esse

469 2297 822 2372 legendum
875 2296 1225 2374 „equidem
1277 2297 1330 2356 is
1382 2313 1550 2374 sum,
1613 2295 1722 2374 qui
1794 2295 1959 2356 istos
2034 2295 2333 2374 plausuS‚
2386 2313 2531 2358 curn
2606 2314 2819 2375 popu-

470 2405 715 2466 laribus
765 2405 1018 2466 civibus
1069 2421 1109 2464 a
1149 2401 1342 2480 plebe
1388 2403 1853 2480 tribuerentur,
1928 2419 2194 2479 semper
2242 2404 2819 2481 contempserim.“

687 2565 875 2626 Haud
925 2564 1064 2626 scio
1125 2581 1206 2625 an
1278 2564 1474 2626 etiam
1551 2564 1611 2624 in
1683 2564 1988 2642 sequenti
2058 2563 2231 2625 thesi
2303 2563 2526 2625 vitium
2596 2563 2818 2626 lateat.

472 2673 611 2734 Non
664 2672 834 2733 enirn
887 2674 1060 2732 recte
1115 2670 1450 2746 intellego-3
1472 2669 1637 2748 quid
1688 2669 1774 2730 sit
1809 2686 2135 2748 „cumque
2187 2669 2265 2746 ei,
2302 2670 2411 2748 qui
2448 2673 2599 2731 ante
2634 2670 2829 2758 sequi

472 2778 692 2857 populi
745 2794 1149 2852 consensum
1200 2763 1578 2838 volebant.“
1660 2775 1783 2837 Pro
1835 2760 2107 2853 simplici
2159 2776 2354 2854 sequi
2402 2776 2819 2838 scribendum

472 2885 557 2946 sit
606 2885 936 2962 consequi.

1315 3130 1575 3209 Orat.
1625 3131 1698 3207 ll.
1765 3138 1803 3229 ξ
1869 3134 1934 3207 1.

688 3366 884 3444 „Mihi
961 3383 1324 3444 poenarum
1401 3366 1481 3427 illi
1552 3366 1700 3444 plus
1774 3383 1971 3444 quarn
2055 3368 2352 3444 optarem
2429 3367 2818 3429 dederunt.“

474 3473 577 3536 Sic
614 3473 912 3536 Clarcius
949 3491 1032 3535 ex
1068 3474 1247 3535 libris
1284 3474 1524 3550 edidit3
1576 3473 1935 3535 Muellerus
1970 3473 2412 3535 coniecturam
2453 3472 2816 3535 Heumanni

473 3565 776 3656 optaram
824 3597 861 3640 a
912 3580 1244 3654 Madvigio
1295 3583 1360 3641 et
1411 3579 1789 3642 Eberha-rdo
1842 3582 2186 3657 probatam
2258 3580 2317 3640 in
2386 3582 2641 3640 textum
2712 3597 2815 3641 re-

473 3687 662 3763 cepit.
761 3686 892 3748 Sed
953 3690 1128 3747 recte
1183 3686 1476 3748 Halmius
1529 3690 1753 3748 monet
1803 3688 2104 3763 optarem
2152 3685 2320 3746 idem
2374 3684 2589 3746 valere
2641 3684 2819 3763 quod

479 3792 708 3856 vellem
785 3792 1139 3855 dedissent.
1239 3793 1622 3871 Exemplum
1700 3793 1995 3854 Halmius
2075 3809 2204 3853 non
2288 3790 2526 3867 adfert3
2600 3794 2821 3852 exstat

472 3903 690 3961 tamen
761 3900 1155 3961 simillimum
1230 3901 1289 3960 in
1359 3904 1520 3962 orat.
1574 3902 1656 3962 in.
1712 3901 1840 3962 Pis.
1909 3902 1947 3980 ξ
2008 3901 2090 3963 45
2166 3899 2371 3978 „haec
2424 3915 2688 3976 semper
2736 3899 2816 3960 de

474 4007 661 4069 vobis
713 4007 1020 4085 expetivi,
1071 4007 1233 4068 haec
1285 4008 1527 4085 optavi,
1579 4007 1744 4069 haec
1795 4011 2103 4085 precatus
2154 4024 2339 4081 su·m;
2390 4006 2576 4084 plura
2625 4006 2818 4067 etiarn

473 4114 855 4176 acciderunt
903 4131 1099 4192 quam
1158 4112 1451 4176 vellem.“

469 4312 591 4342 Γ---
602 4313 616 4317 -
718 4313 731 4316 ,
745 4313 898 4317 m.-.-

691 4414 731 4484 Ι)
774 4413 1052 4468 FleckeiS.
1096 4429 1226 4468 ann.
1268 4414 1407 4469 1865
1448 4429 1574 4483 pag.
1618 4414 1739 4469 116.
