3409 5184
1547 491 1986 556 „10-

593 689 816 752 derim.
899 687 1046 762 Quo
1098 705 1422 752 concesso
1473 689 1580 750 vix
1649 689 2025 764 negandum
2096 689 2217 750 erit
2284 689 2709 752 scribendum
2780 707 2932 752 esse

592 798 909 860 nuntiata.
1017 797 1183 858 Tum
1263 799 1483 860 autem
1565 797 1731 858 inter
1810 814 2041 858 omnes
2103 797 2435 858 constabit
2491 796 2933 875 recipiendum

596 921 747 966 esse
799 921 882 966 ex
932 904 984 966 D
1034 903 1342 980 auspicia,
1423 907 1489 965 et
1535 903 1750 966 locum
1802 903 1895 966 sic
1954 901 2281 964 edendum
2351 901 2689 980 „auspicia
2735 905 2825 980 (a)
2873 906 2939 965 te

595 1011 740 1089 ipso
790 1026 1040 1085 augure
1091 1028 1150 1088 p.
1204 1010 1276 1072 R.
1331 1010 1694 1072 nuntiata.“

809 1152 938 1213 Etsi
1018 1152 1186 1213 enim
1261 1150 1492 1214 Cicero
1565 1151 1949 1232 ‚,oblivisci“
2023 1169 2168 1215 cum
2244 1155 2477 1231 quarto
2551 1169 2712 1214 casu
2786 1168 2932 1212 raro

594 1258 950 1337 coniungit,
998 1259 1419 1320 inveniuntur
1443 1261 1662 1321 tamen
1689 1259 1993 1337 exempla
2021 1259 2406 1340 praesertim
2434 1259 2493 1319 in
2524 1259 2932 1320 orationibus

594 1366 790 1428 huius
841 1366 1096 1428 aetatis
1195 1366 1300 1429 Sic
1359 1366 1597 1441 legitur
1668 1366 1731 1428 in
1796 1370 1957 1428 orat.
2011 1384 2102 1445 pr.
2155 1366 2281 1431 Mil.
2334 1368 2371 1451 ξ
2422 1369 2502 1433 62
2578 1383 2703 1448 „an
2776 1383 2931 1428 vero

595 1473 771 1538 obliti
823 1473 986 1538 estis
1039 1523 1050 1538 .
1105 1524 1116 1538 .
1171 1523 1183 1537 .
1235 1491 1580 1540 sermones
1629 1478 1694 1540 et
1743 1475 2179 1556 opiniones.>“

1448 1775 1668 1854 Orat.
1717 1775 1789 1853 11.
1854 1782 1893 1875 ξ
1956 1776 2075 1854 52.

809 1992 1024 2071 „Quid
1076 1993 1309 2071 cupide
1386 2010 1423 2054 a
1493 1996 1753 2070 senatu,
1824 1993 1978 2071 quid
2046 1996 2293 2055 temere
2362 1993 2580 2072 fiebat,
2650 2013 2795 2057 cum
2864 1999 2931 2057 tu

595 2118 768 2162 unus
820 2099 1217 2162 adulescens
1267 2101 1648 2162 universum
1701 2100 1995 2162 ordinem
2047 2101 2401 2162 decernere
2453 2101 2533 2162 de
2585 2102 2798 2163 salute
2843 2103 2930 2163 rei

596 2208 893 2287 publicae
947 2207 1333 2286 prohibuisti
1386 2224 1600 2286 neque
1647 2206 1862 2269 semel
1902 2208 2021 2269 sed
2072 2208 2410 2284 saepius.“
2480 2207 2584 2270 Sic
2636 2207 2932 2270 Clarcius

595 2315 928 2393 ceterique
983 2314 1271 2376 editores
1323 2331 1404 2374 ex
1455 2313 1794 2375 Vaticano.
1893 2313 1975 2374 Ut
2033 2316 2253 2375 autem
2305 2317 2580 2391 apparet
2630 2331 2711 2375 ex
2763 2315 2800 2393 ξ
2851 2317 2932 2376 67

594 2421 790 2482 huius
841 2421 1159 2483 orationis
1195 2423 1419 2499 „totos
1469 2421 1611 2482 dies
1664 2420 2018 2498 potabatur
2065 2422 2265 2498 atque
2296 2420 2369 2481 1‘0'
2396 2420 2553 2481 locis
2590 2421 2931 2497 pluribus“

594 2527 770 2592 haud
822 2527 958 2589 scio
1008 2544 1090 2588 an
1143 2543 1288 2588 cum
1341 2526 1528 2589 codd.
1584 2525 1635 2586 D
1686 2513 2105 2587 scribendum
2158 2526 2241 2587 sit
2295 2543 2551 2606 „neque
2606 2526 2681 2587 1'0'
2732 2525 2943 2588 semel

594 2635 713 2696 sed
763 2635 1100 2712 saepius.“
1137 2633 1443 2696 Similiter
1493 2633 1789 2695 invenies
1826 2651 1915 2694 or.
1956 2634 2015 2694 in
2054 2634 2181 2695 Pis.
2218 2635 2256 2712 ξ
2293 2634 2374 2695 75
2413 2633 2797 2711 „complecti
2835 2634 2932 2694 vis

594 2740 1039 2820 amplissimos
1075 2741 1251 2805 viros
1287 2741 1368 2805 ad
1405 2743 1588 2805 tuum
1628 2742 1693 2804 et
1717 2740 1975 2805 Gabinii
2014 2741 2234 2804 scelus
2267 2757 2482 2820 neque
2512 2739 2586 2803 id
2612 2740 2931 2804 occulte.“

1440 3035 1659 3122 Orat.
1711 3043 1782 3119 ll.
1847 3049 1885 3140 ἓ
1946 3045 2067 3119 64.

807 3258 1058 3321 Caesar
1093 3259 1506 3321 Alexandrea
1540 3277 1613 3321 se
1665 3261 1931 3337 recepit,
1962 3259 2134 3338 felix,
2174 3264 2243 3321 ut
2279 3261 2398 3322 sibi
2446 3261 2709 3339 quidem
2746 3261 2927 3322 vide-

595 3366 804 3444 batur,
901 3383 1047 3428 mea
1114 3369 1335 3428 autem
1405 3367 1754 3445 sententia,
1852 3367 1958 3444 qui
2030 3367 2117 3428 rei
2189 3367 2486 3445 publicae
2538 3369 2622 3428 sit
2687 3367 2927 3444 infelix,

590 3471 749 3533 felix
796 3489 948 3534 esse
1000 3490 1192 3534 nemo
1245 3476 1528 3551 potest.“

806 3615 910 3678 sic
983 3615 1170 3677 codd.
1248 3615 1318 3677 p.
1379 3615 1736 3678 vaticanus
1809 3616 2079 3678 exhibet
2152 3634 2266 3694 pro
2341 3600 2645 3694 ‚‚1nfe11><“
2718 3617 2932 3678 hostis

591 3739 956 3801 omnesque
1007 3723 1293 3784 editores
1346 3727 1604 3800 praeter
1654 3722 1978 3785 Clarcium
2030 3741 2178 3784 eum
2230 3727 2620 3801 sequuntur,
2674 3723 2813 3800 sed,
2854 3727 2922 3784 ut

593 3829 843 3907 opinor,
895 3845 1151 3890 summa
1203 3829 1450 3890 iniuria.
1519 3829 1987 3902 Quaerendum
2042 3834 2144 3891 est
2194 3830 2384 3907 enim,
2438 3830 2679 3907 quibus
2730 3830 2928 3890 rebus

592 3937 896 3998 commoti
951 3936 1183 3997 librarii
1237 3935 1533 3998 codicum
1584 3936 1862 3998 familiae
1902 3938 1952 3998 D
2004 3939 2084 3999 ad
2137 3954 2280 3998 eam
2333 3937 2721 4014 scripturam
2782 3953 2929 4013 per-

593 4044 909 4104 venerint.
973 4043 1200 4116 Quid?
1253 4043 1374 4104 lllis
1426 4044 1614 4122 hanc,
1667 4048 1739 4105 ut
1790 4045 1875 4105 ita
1925 4045 2156 4122 dicam,
2211 4045 2525 4104 illustrem
2578 4043 2927 4104 verborum

593 4151 1194 4212 annominationem
1254 4151 1696 4213 debebimus?
1792 4152 1913 4212 Vix
1983 4151 2133 4211 mihi
2203 4150 2660 4227 persuadebiS‚
2731 4153 2801 4210 ut
2869 4149 2929 4209 id

592 4257 873 4336 credam,
957 4259 1150 4320 immo
1202 4258 1506 4337 equidem
1560 4276 1688 4319 non
1741 4259 1990 4336 dubito,
2073 4258 2227 4336 quin
2280 4257 2579 4318 librarius
2631 4256 2922 4317 Vaticani

592 4364 926 4444 archetypi
981 4365 1367 4443 scripturam
1419 4383 1608 4427 suam
1661 4365 2135 4438 excogitaverit
2185 4362 2506 4440 exemplis
2576 4362 2677 4423 his
2751 4361 2927 4423 haud

593 4471 729 4533 scio
805 4488 886 4535 an
961 4472 1252 4536 collatis:
1329 4489 1419 4537 or.
1482 4472 1638 4536 Phil.
1692 4472 1755 4533 ll.
1816 4473 1853 4555 ξ
1905 4472 1941 4532 2
2017 4488 2189 4554 „non
2266 4471 2752 4537 exististimavit
2825 4469 2924 4536 sui
