3409 5184
1553 521 1993 591 —28-—-

605 741 808 787 causa
857 724 1068 797 liceat,
1144 724 1466 786 interdum
1518 724 1763 786 codicis
1813 724 1868 785 X
1918 724 2159 787 ductus
2232 741 2461 802 parum
2537 724 2940 787 intellexisse

604 847 798 894 nemo
850 831 1204 910 mirabitur,
1257 834 1477 894 velut:

694 976 856 1035 orat.
896 973 958 1035 ll.
995 975 1033 1053 ξ
1069 975 1172 1037 61.
1211 991 1412 1052 quam
1458 991 1748 1052 nequam
1929 991 2157 1052 quem:
2203 974 2274 1035 D.

924 1080 1284 1143 hominem:
1337 1079 1419 1157 V;

694 1190 855 1249 orat.
893 1186 964 1249 V.
1003 1188 1040 1267 ξ
1091 1190 1148 1250 8.
1186 1188 1515 1250 sustinere
1568 1189 1791 1249 tamen
1929 1189 2260 1251 sustinere
2294 1205 2403 1250 me
2422 1206 2558 1250 non
2577 1167 2941 1250 afferresD.

927 1311 1078 1356 eum
1109 1312 1191 1357 ac
1217 1295 1424 1370 ferre:
1453 1294 1535 1371 V;

696 1404 857 1463 orat.
888 1402 981 1464 Vl.
1017 1404 1055 1482 ξ
1093 1404 1194 1465 16.
1232 1403 1505 1464 Lucium
1549 1419 1670 1480 ego
1711 1419 1795 1463 ne
1929 1403 1997 1466 L.
2032 1403 2385 1481 Egnatium
2418 1403 2713 1481 quidem:
2753 1403 2824 1463 D.

930 1509 1172 1572 Gaium
1205 1510 1499 1589 quidem:
1538 1510 1609 1571 V.
2332 1541 2338 1546 -

697 1619 858 1678 orat.
888 1616 1033 1678 Vlll.
1071 1618 1108 1697 ξ
1146 1619 1248 1679 10.
1291 1618 1592 1680 viderunt
1622 1618 1795 1680 enim
1933 1619 2043 1680 sui
2071 1619 2241 1680 enim
2292 1636 2375 1680 ex
2411 1635 2513 1680 me
2559 1617 2951 1680 didicerunt:

929 1740 1011 1785 ex
1060 1724 1431 1787 mendiciis:
1461 1725 1550 1802 V;
2104 1725 2175 1786 D.

699 1833 860 1891 orat.
907 1830 1053 1892 Vlll.
1095 1829 1139 1911 ξ
1185 1831 1286 1894 24.
1340 1833 1509 1894 servi
1554 1831 1804 1909 publici
1932 1833 2323 1894 servitores:
2358 1833 2429 1893 D.

867 1941 874 1951 '
927 1936 1117 2010 loris,·
1146 1937 1218 1999 V.

823 2079 1079 2153 Quibus
1131 2080 1290 2142 locis
1343 2081 1566 2143 nescio
1617 2100 1698 2144 an
1753 2086 1925 2144 recte
1977 2083 2257 2145 addatur
2305 2086 2466 2145 orat.
2520 2084 2558 2144 l.
2611 2084 2648 2162 ξ
2701 2084 2758 2160 1,
2840 2081 2946 2143 ubi

611 2185 785 2247 haud
834 2185 1017 2249 facile
1069 2189 1477 2267 diiudicatur,
1559 2193 1775 2251 utrum
1829 2191 2069 2253 codicis
2121 2191 2174 2251 Χ
2227 2208 2306 2252 an
2358 2190 2407 2252 N
2458 2190 2659 2278 verba
2708 2189 2949 2251 obscu-

612 2297 752 2355 rata
802 2296 1200 2358 recentiores
1251 2297 1504 2359 scribae
1557 2297 1615 2358 in
1669 2315 1926 2360 errores
1979 2297 2370 2359 induxerint.

826 2435 1136 2532 Sequitur
1229 2472 1452 2518 earum
1533 2458 1725 2520 turba
1796 2458 2167 2535 lectionum,
2243 2475 2410 2536 quas
2484 2470 2606 2518 suo
2690 2455 2949 2530 ingenio

612 2558 816 2621 fretus
868 2564 981 2622 aut
1040 2561 1253 2624 scriba
1325 2563 1373 2623 N
1447 2567 1560 2625 aut
1635 2564 2063 2643 interpolator
2131 2563 2373 2626 codicis
2447 2563 2495 2623 N
2572 2561 2948 2624 introduxit.

614 2666 744 2728 Sed
796 2666 920 2729 hae
971 2672 1128 2730 sunt
1177 2687 1408 2733 omnes
1458 2670 1591 2733 fere
1629 2673 1773 2733 eius
1810 2671 2003 2748 modi,
2041 2675 2113 2732 ut
2146 2672 2351 2750 primo
2388 2671 2622 2733 obtutu
2657 2668 2951 2731 fraudem

616 2773 1097 2853 interpolatoris
1149 2781 1445 2852 arguant.
1500 2779 1867 2856 Proponam
1919 2795 2131 2857 pauca
2180 2777 2524 2854 exempla:
2654 2803 2661 2810 ·

829 2904 989 2962 orat.
1043 2901 1106 2963 ll.
1180 2903 1217 2982 ξ
1268 2903 1369 2965 20.
1423 2904 1671 2966 maiora
1728 2903 2100 2965 Videamus:
2150 2903 2234 2978 V;
2314 2901 2408 2963 ad
2456 2901 2704 2962 maiora
2776 2899 2953 2961 veni-

614 3023 841 3069 amus:
892 3007 964 3070 D.

829 3136 990 3194 orat.
1029 3133 1150 3195 Vll.
1203 3135 1240 3214 ξ
1291 3138 1348 3196 6.
1400 3135 1698 3197 devinxit
1744 3135 2175 3213 eiusdemque
2215 3152 2369 3196 cura
2403 3131 2801 3194 incredibilis
2834 3181 2844 3192 .
2884 3180 2895 3191 .
2937 3181 2946 3192 .

609 3243 960 3317 perspecta
1011 3240 1237 3302 docuit
1287 3259 1416 3303 non
1469 3243 1664 3303 modo
1718 3242 1952 3304 salutis
2003 3242 2121 3303 sed
2159 3242 2352 3303 etiam
2391 3240 2727 3314 dignitatis
2764 3255 2950 3300 meae

616 3346 821 3408 fuisse
871 3345 1224 3409 fautorem:
1263 3349 1346 3424 V;
1398 3349 1740 3410 coniunxit
1786 3349 2219 3426 eiusdemque
2257 3364 2481 3409 curam
2513 3344 2954 3408 incredibilem

581 3454 932 3530 -perspexi
973 3472 1101 3516 non
1155 3456 1350 3516 modo
1404 3456 1656 3533 salutiS‚
1710 3456 1828 3518 sed
1879 3457 2073 3518 etiam
2126 3455 2461 3530 dignitatis
2513 3470 2728 3516 meae:
2782 3453 2853 3514 D.

833 3615 964 3677 Sed
1016 3619 1222 3678 restat
1269 3617 1529 3678 tertium
1583 3617 1777 3695 idque
1828 3618 2291 3692 gravissimum
2344 3633 2558 3690 genus
2604 3615 2953 3693 lectionum

619 3722 1153 3801 discrepantium,
1191 3741 1360 3802 quae
1415 3741 1629 3802 neque
1681 3725 2028 3786 socordiae
2080 3724 2486 3785 librariorum
2538 3721 2954 3784 oscitantium

622 3847 837 3907 neque
890 3831 1336 3909 interpolatori
1389 3831 1632 3893 codicis
1693 3831 1741 3890 N
1801 3832 2187 3893 tribuendae
2258 3831 2407 3892 sint.
2506 3829 2586 3890 Ut
2653 3827 2955 3906 exemplo

621 3954 837 4015 eoque
890 3938 1173 3999 dilucido
1225 3941 1389 4015 utar,
1453 3937 1642 3999 velim
1718 3937 2019 4000 conferas
2088 3941 2249 3999 orat.
2303 3937 2365 3999 ll.
2417 3939 2454 4017 ξ
2505 3939 2606 3999 86.
2660 3935 2822 4012 quid
2860 3935 2958 3995 in-

621 4045 882 4122 dignius
947 4062 1147 4122 quam
1202 4045 1420 4106 vivere
1489 4061 1636 4106 eum
1709 4047 1848 4124 qui:
1902 4045 1983 4122 V;
2052 4062 2275 4106 nonne
2322 4044 2629 4122 indignus
2677 4046 2750 4105 tu
2796 4041 2969 4103 tueri

624 4168 771 4214 eum
823 4152 962 4230 qui:
1017 4152 1088 4213 D.

840 4294 1156 4357 Codicum
1211 4296 1262 4356 D
1314 4296 1658 4357 lectionem
1712 4299 2084 4374 corruptam
2137 4313 2288 4357 esse
2342 4294 2483 4356 sine
2553 4310 2736 4355 mora
2803 4308 2961 4353 con-

624 4402 990 4465 cedendum
1042 4404 1190 4480 erit3
1265 4403 1438 4465 unde
1490 4406 1630 4464 orta
1681 4404 1786 4481 sit,
1837 4402 2021 4464 facile
2075 4401 2498 4476 intellegitur:
2551 4400 2693 4462 cod.
2745 4399 2794 4461 N
2845 4417 2963 4460 ex-

624 4511 890 4573 bibebat
950 4517 1171 4572 norme
1216 4510 1555 4590 indignum
1605 4513 1708 4574 est
1759 4511 1980 4575 vivere
2025 4527 2173 4575 eum
2225 4527 2279 4571 e.
2333 4526 2391 4587 q.
2445 4527 2497 4570 s.
2594 4509 2721 4571 lam
2772 4506 2961 4568 velim
