3409 5184
1546 537 1622 543 -
1722 497 1979 560 262„

807 693 1065 768 Quibus
1115 694 1275 758 locis
1326 695 1652 770 adiungo:

806 805 967 863 orat.
1019 803 1056 864 l.
1108 803 1146 881 ξ
1196 803 1298 864 32.
1350 802 1658 865 Manlium
1708 798 2057 886 <Marcum>
2107 802 2344 864 vocari.

989 908 1050 970 ll.
1103 910 1141 988 ξ
1235 909 1294 972 5.
1347 908 1757 972 interfectum
1810 906 1972 994 (me)
2022 926 2060 970 a
2108 912 2192 971 te.

988 1017 1052 1078 ll.
1102 1017 1140 1096 ξ
1191 1018 1292 1078 40.
1346 1034 1425 1078 ne
1476 1013 1612 1101 (de)
1661 1017 1823 1079 iocis
1871 1016 2155 1096 quidem.

960 1123 1046 1185 lll.
1098 1125 1136 1204 ξ
1187 1126 1291 1186 34.
1344 1125 1754 1202 pereundum
1807 1121 2024 1209 (erat).

969 1231 1041 1292 V.
1092 1232 1131 1310 ξ
1226 1231 1283 1293 5.
1337 1231 1574 1309 impius
1624 1227 1808 1316 <est>.

964 1336 1039 1398 Χ.
1092 1338 1130 1417 ξ
1181 1338 1282 1400 15.
1331 1342 1551 1400 tamen
1601 1334 1757 1422 <eo>.

808 1461 1023 1540 lpsum
1075 1479 1176 1524 me
1228 1463 1421 1525 etiam
1471 1463 1742 1541 saepius
1795 1463 1853 1523 in
1906 1463 2129 1524 codice
2180 1463 2235 1523 X
2270 1462 2470 1524 verba
2522 1461 2930 1525 intercidisse

593 1570 824 1646 putare
884 1569 1076 1631 tertio
1146 1570 1356 1647 capite
1427 1569 1797 1642 ostendam.
1894 1569 2075 1631 Nunc
2126 1586 2271 1631 cum
2326 1569 2445 1631 illis
2497 1585 2616 1631 eos
2666 1567 2931 1632 confero

593 1674 796 1752 locOS,
881 1675 1122 1753 quibus
1173 1693 1255 1737 ex
1306 1676 1540 1737 detrita
1589 1679 1702 1738 aut
1752 1675 2030 1736 evanida
2081 1675 2324 1737 codicis
2373 1675 2428 1737 Χ
2479 1675 2799 1753 scriptura
2868 1677 2933 1736 et

594 1781 949 1844 Vaticanus
1001 1785 1066 1844 et
1111 1781 1389 1844 familiae
1442 1783 1492 1843 D
1544 1782 1680 1844 libri
1735 1799 1981 1860 paucas
2053 1785 2307 1844 tantum
2381 1782 2630 1844 litteras
2705 1799 2930 1844 serva-

592 1891 845 1966 verunt,
898 1888 1113 1950 velut:
2156 1871 2163 1877 ’

807 1998 968 2057 orat.
1023 1995 1085 2056 ll.
1137 1996 1174 2074 ξ
1228 1997 1373 2057 106.
1425 1995 1552 2057 sed
1590 2013 1741 2057 sum
1794 1995 2128 2072 vinus.·V;
2181 1998 2248 2058 et
2290 1995 2495 2058 simul
2534 1998 2672 2057 ιιηῡ
2719 1994 2936 2057 cinus.-

594 2118 655 2179 c;
706 2104 773 2163 et
815 2100 1281 2164 sermulcinus:
1325 2106 1377 2178 t;
1427 2101 1657 2164 simul:
1703 2121 1762 2164 n.
2888 2101 2902 2118 ⁴

807 2212 968 2270 orat.
1023 2209 1085 2270 ll.
1137 2211 1174 2288 ξ
1228 2209 1372 2272 115.
1431 2209 1561 2270 hac
1603 2210 1669 2270 in
1717 2227 1990 2271 manum
2037 2208 2317 2271 latione:
2363 2210 2444 2285 V;
2516 2210 2645 2272 hac
2695 2212 2931 2271 mima-

592 2315 802 2376 tione:
847 2316 919 2377 D.

806 2423 932 2484 lam
984 2422 1086 2484 his
1138 2424 1460 2501 exemplis
1511 2423 1723 2484 allatis
1784 2424 1947 2485 satis
2018 2441 2335 2502 apparere
2387 2423 2660 2502 videtur,
2735 2438 2930 2502 quam

592 2534 766 2592 recte
818 2529 1174 2592 Muellerus
1244 2535 1309 2592 et
1380 2529 1676 2593 Clarcius
1750 2530 1830 2592 de
1903 2531 2227 2592 communi
2302 2530 2609 2593 librorum
2682 2531 2929 2605 origine

593 2637 952 2700 iudicarint.
1049 2638 1314 2700 Accedit
1394 2638 1667 2700 alterum
1749 2638 2219 2716 testimonium,
2316 2638 2461 2699 dico
2543 2654 2929 2699 communes

592 2743 995 2805 librariorum
1048 2762 1324 2806 errores
1379 2745 1540 2806 Nolo
1590 2747 1810 2805 tamen
1848 2743 2067 2806 omnia
2101 2743 2339 2804 menda
2374 2747 2713 2821 repetere;
2765 2744 2930 2805 satis

592 2850 711 2911 erit
760 2866 841 2911 ex
891 2853 1076 2912 tanta
1125 2850 1313 2928 copia
1366 2867 1445 2912 ea
1513 2849 1821 2928 deligere,
1892 2866 2062 2927 quae
2132 2849 2579 2911 memorabilia
2646 2852 2801 2911 sunt
2868 2853 2932 2911 et

591 2956 872 3034 aliquem
921 2956 1199 3019 fructum
1251 2957 1514 3019 habent.
1568 2957 1772 3019 Velim
1825 2956 2186 3034 perspicias
2237 2955 2441 3017 hosce
2492 2956 2675 3018 locos
2719 2977 2730 3016 :

698 3085 858 3142 orat.
913 3082 950 3144 l.
1001 3085 1038 3162 ξ
1092 3082 1193 3145 15.
1243 3082 1386 3144 suis
1431 3081 1786 3145 similibus:
1832 3082 2019 3143 codd.
2126 3080 2929 3143 suisimilibus:Editores

697 3191 857 3249 orat.
889 3188 926 3250 l.
962 3190 1000 3269 ξ
1035 3190 1137 3250 21.
1175 3189 1269 3251 ad
1293 3206 1399 3250 res
1435 3189 1820 3266 populares:
1842 3189 2029 3250 codd.
2126 3190 2197 3250 at
2228 3206 2333 3250 res
2369 3187 2734 3267 popularis:
2773 3188 2882 3251 Ed.

697 3298 857 3356 orat.
897 3295 956 3357 ll.
994 3297 1032 3376 ξ
1068 3298 1125 3358 7.
1160 3295 1334 3358 loca:
1373 3295 1560 3357 codd.
1708 3359 1713 3368 ,
2128 3296 2299 3358 ioca:
2340 3295 2447 3357 Ed.

697 3406 858 3464 orat.
897 3403 958 3464 ll.
995 3405 1034 3483 ξ
1069 3404 1170 3465 26.
1207 3403 1617 3464 auctoribus:
1671 3403 1858 3464 codd.
2123 3403 2491 3464 actoribus:
2531 3402 2639 3464 Ed.

697 3514 858 3572 orat.
898 3511 960 3572 ll.
998 3513 1035 3590 ξ
1072 3510 1173 3573 45.
1212 3509 1567 3571 dimittere:
1620 3510 1807 3572 codd.
2126 3510 2492 3572 demittere:
2531 3510 2640 3572 Ed.

697 3621 859 3678 orat.
900 3617 958 3678 ll.
997 3619 1034 3696 ξ
1070 3620 1173 3679 63.
1210 3617 1483 3678 diceret:
1535 3617 1723 3679 codd.
2126 3618 2421 3679 duceret:
2460 3617 2567 3679 Ed.

697 3726 857 3785 orat.
896 3723 956 3796 ll,
995 3725 1033 3804 ξ
1069 3725 1169 3786 82.
1207 3724 1586 3786 veniebant:
1638 3726 1827 3786 codd.
2121 3725 2468 3787 venibant:
2499 3724 2607 3786 Ed.

697 3834 857 3892 orat.
896 3831 958 3892 ll.
996 3832 1032 3910 ξ
1068 3833 1170 3892 96.
1205 3831 1609 3892 imitatores:
1663 3832 1850 3892 codd.
2122 3832 2490 3894 institores:
2542 3831 2651 3893 Ed.

697 3941 857 3999 orat.
897 3939 958 3999 ll.
996 3939 1034 4018 ξ
1069 3940 1170 4000 97.
1211 3939 1451 4000 mentis
1483 3955 1586 4002 es:
1641 3939 1829 4000 codd.
2126 3939 2399 4001 mentis:
2445 3939 2553 4001 Ed.

697 4048 856 4106 orat.
897 4045 982 4107 lll.
1021 4046 1058 4124 ξ
1095 4045 1151 4106 2.
1190 4046 1522 4108 sacrificii:
1566 4046 1754 4108 codd.
2128 4045 2493 4108 sacrificiis:
2540 4046 2647 4108 Ed.

696 4261 856 4320 orat.
895 4259 981 4320 lll.
1019 4260 1056 4339 ξ
1092 4261 1150 4322 3.
1186 4276 1310 4321 nec
1328 4259 1711 4337 optantibus
1736 4260 2028 4339 quidem:
2123 4276 2207 4321 ne
2229 4261 2612 4338 optantibus
2631 4261 2925 4339 quidem:

873 4367 1058 4428 codd.
2303 4367 2411 4428 Ed.

696 4477 856 4535 orat.
895 4473 965 4534 V.
1004 4475 1041 4554 ξ
1083 4475 1183 4535 22.
1222 4473 1599 4552 descripsit:
1653 4475 1839 4538 codd.
2130 4474 2484 4552 discripsit:
2539 4474 2646 4538 Ed.
