3409 5184
1384 474 1827 537 -65-

431 669 852 744 dignationis,
905 668 1100 742 Quod
1151 685 1304 732 num
1357 685 1474 747 per
1507 669 1690 745 leges
1728 669 2189 743 grammaticas
2225 669 2434 748 liceat,
2471 669 2776 748 equidem

433 775 681 837 dubito,
707 774 926 848 Quid?
962 791 1181 838 nonne
1210 774 1550 838 Ciceronis
1587 792 1805 838 sermo
1842 778 2147 854 quartum
2183 792 2409 838 casum
2440 775 2778 854 postulat?

435 897 564 942 non
637 880 854 942 verbis
925 881 1187 942 insertis
1262 881 1671 959 perpetuitas
1742 881 2121 960 flumenque
2192 883 2507 944 orationis
2579 883 2777 944 inter-

434 987 806 1065 rumpitur?
901 986 1074 1060 Quid
1124 987 1274 1048 talis
1325 988 1718 1051 exclamatio
1770 988 1891 1050 sibi
1944 988 2100 1066 vult,
2172 1005 2317 1050 cum
2391 989 2777 1067 praesertim

435 1093 687 1172 Cicero,
741 1097 812 1155 ut
861 1093 1123 1156 Asconii
1176 1094 1395 1157 verbis
1446 1098 1612 1172 utar,
1683 1094 1809 1156 hoc
1859 1094 2003 1156 loco
2056 1112 2187 1156 non
2240 1095 2525 1158 oratorio
2577 1113 2777 1174 more,

435 1202 553 1264 sed
605 1218 785 1263 more
838 1200 1152 1264 historico
1204 1201 1424 1263 dicat?
1520 1201 1749 1280 Neque
1798 1205 2042 1279 tamen,
2114 1203 2293 1280 quod
2359 1201 2776 1266 Eberhardus

436 1308 804 1385 proposuit,
842 1308 1255 1386 probandum
1309 1309 1412 1387 sit,
1472 1326 1618 1371 cum
1670 1309 1873 1371 verba
1925 1309 2029 1370 illa
2076 1309 2415 1384 glossema
2466 1311 2547 1372 ad
2596 1310 2779 1373 leno-

434 1413 632 1477 nibus
679 1432 810 1477 non
863 1415 1022 1492 sint;
1089 1419 1264 1478 certe
1334 1416 1512 1502 enim,
1566 1416 1904 1490 glossator
1953 1415 2306 1502 comitibus
2349 1418 2778 1496 nequissimis

437 1522 836 1600 scripsisset.

652 1647 911 1720 Quibus
961 1647 1042 1709 de
1094 1648 1316 1710 causis
1379 1647 1594 1710 facere
1664 1665 1795 1710 non
1870 1665 2167 1726 possum,
2238 1649 2394 1727 quin
2468 1650 2779 1712 maiorem

438 1755 740 1816 lacunam
795 1758 1105 1833 statuam,
1161 1771 1350 1833 quae
1405 1755 1631 1817 nescio
1683 1772 1765 1817 an
1819 1755 1991 1817 hunc
2039 1755 2173 1818 fere
2227 1756 2287 1816 in
2340 1757 2608 1819 modum
2660 1774 2777 1819 ex-

438 1862 677 1940 plenda
727 1863 813 1924 sit
862 1863 1315 1940 „sequebatur
1366 1862 1562 1924 raeda
1633 1879 1780 1924 cum
1851 1863 2241 1938 lenonibus;
2309 1865 2586 1926 comites
2658 1882 2775 1927 ne-

436 1969 735 2047 quissimi
806 1967 900 2052 <in
965 1966 1176 2041 sellis,·
1241 1969 1337 2031 ad
1399 1964 1631 2053 finem>
1693 1969 1936 2044 reiecta
1996 1972 2205 2031 mater
2255 1987 2308 2032 e.
2348 1988 2408 2049 q.
2446 1973 2547 2032 S.“
2618 1971 2778 2034 Vide

439 2077 630 2153 enim,
713 2093 885 2154 quae
967 2074 1199 2148 Cicero
1283 2076 1362 2137 de
1445 2076 1678 2137 eadem
1763 2093 1827 2137 re
1909 2076 1991 2138 ad
2065 2077 2253 2140 Attic.
2321 2077 2396 2139 X.
2467 2080 2597 2160 105
2671 2079 2782 2140 det

439 2182 906 2264 „Cytheridem
957 2199 1186 2244 secum
1239 2182 1466 2244 lectica
1527 2185 1757 2260 aperta
1826 2185 2063 2260 portat,
2133 2183 2404 2245 alteram
2474 2201 2779 2261 uxorem3

438 2293 693 2367 septem
762 2293 1106 2367 praeterea
1176 2289 1567 2351 coniunctae
1639 2289 1907 2351 lecticae
1977 2289 2354 2367 amicarum,
2438 2307 2555 2352 eae
2626 2294 2792 2353 sunt⁴

438 2397 862 2458 amicorum.“
1794 2406 1801 2414 ·

1266 2605 1485 2687 Orat.
1533 2606 1606 2684 ll.
1671 2613 1709 2704 ἓ
1775 2609 1947 2684 106.

652 2824 978 2886 Antonius
1029 2823 1274 2885 multos
1347 2805 1491 2884 dies
1563 2823 1622 2882 in
1694 2822 1844 2884 villa
1894 2822 2206 2884 Varronis
2274 2824 2779 2903 perbacchatuS,

441 2931 714 2992 Romam
779 2930 1232 3009 proficiscitur.
1331 2930 1412 2992 Ut
1484 2947 1656 3008 eum,
1730 2934 2067 3007 tamquam
2142 2931 2194 2991 si
2270 2934 2455 2992 esset
2526 2932 2778 3009 consul,

439 3038 825 3116 salutarent,
897 3037 1328 3116 municipales
1399 3038 1454 3100 ei
1525 3037 1787 3100 obviam
1839 3041 2332 3115 processerunt.
2386 3055 2577 3117 „cum
2632 3038 2780 3100 inde

440 3144 714 3207 Romam
767 3131 1196 3224 proficiscens
1249 3145 1330 3206 ad
1382 3146 1711 3224 Aquinum
1763 3127 2131 3222 accederet,
2209 3145 2468 3206 obviam
2522 3145 2577 3206 ei
2630 3162 2781 3223 pro-
2826 3182 2828 3184 -

439 3253 660 3330 cessit,
732 3256 803 3314 ut
853 3256 958 3314 est
1004 3252 1319 3331 frequens
1370 3253 1817 3330 municipium,
1905 3269 2145 3326 magna
2194 3269 2358 3313 sane
2410 3252 2780 3315 multitude.

440 3360 519 3422 At
569 3361 692 3423 iste
760 3364 992 3438 operta
1051 3360 1280 3422 lectica
1349 3360 1522 3422 latus
1591 3377 1708 3439 per
1775 3360 2089 3438 oppidum
2160 3363 2262 3422 est
2328 3363 2400 3421 ut
2458 3363 2780 3425 mortuuS.

440 3467 650 3529 Stulte
704 3467 1108 3546 Aquinates:
1162 3468 1282 3529 sed
1332 3471 1552 3529 tamen
1606 3451 1666 3528 in
1721 3467 1825 3529 via
1876 3466 2281 3528 habitabant.
2335 3466 2508 3539 Quid
2559 3466 2782 3541 Anag-

440 3575 620 3635 nini?
671 3574 820 3652 Qui,
850 3591 996 3636 cum
1049 3577 1280 3636 essent
1330 3575 1521 3652 devii,
1559 3574 2071 3652 descenderunt,
2110 3577 2179 3635 ut
2230 3590 2400 3650 eum,
2438 3577 2773 3651 tamquam

439 3683 491 3744 si
545 3685 730 3744 esset
780 3682 1035 3759 consul,
1073 3682 1457 3744 salutarent.
1541 3681 1919 3745 Incredibile
1971 3681 2168 3758 dictu,
2220 3679 2347 3742 sed
2387 3697 2541 3741 cum
2594 3681 2786 3743 vinus

440 3790 558 3868 (sic
595 3790 666 3866 V;
720 3792 786 3851 et
830 3788 1035 3851 simul
1077 3791 1212 3850 um)
1260 3790 1483 3851 cinus:
1528 3789 1718 3851 codd.
1771 3806 1833 3864 c;
1895 3789 1963 3848 et
2006 3786 2475 3850 sermulcinus:
2526 3787 2668 3850 cod.
2720 3792 2773 3864 t;

438 3896 669 3959 simul:
733 3897 874 3960 cod.
930 3900 994 3976 n)
1066 3898 1232 3959 inter
1283 3897 1497 3958 omnis
1549 3896 1921 3973 constabat,
1994 3895 2320 3957 neminem
2393 3912 2547 3957 esse
2598 3912 2782 3957 resa-

440 4005 719 4067 lutatum
772 4023 827 4067 e.
866 4023 924 4084 q.
964 4008 1062 4067 s.“

654 4131 842 4209 Cum,
880 4147 1050 4209 quae
1091 4131 1150 4190 in
1203 4130 1380 4192 libris
1431 4133 1608 4207 sunt,
1646 4146 1921 4190 sensum
1974 4145 2104 4190 non
2145 4126 2525 4205 praebeant,
2564 4125 2777 4188 locum

347 4273 352 4278 -
441 4238 1055 4316 desperatissimum
1110 4239 1502 4314 interpretes
1555 4236 1947 4314 saepissime
2000 4237 2467 4296 tractaverunt.
2552 4233 2780 4310 ltaque

440 4349 795 4424 antequam
847 4345 988 4422 ipse
1040 4344 1281 4422 aliquid
1334 4359 1595 4421 ponam,
1648 4343 1876 4404 leviter
1926 4342 2387 4420 perstringam,
2440 4356 2611 4418 quae
2667 4338 2782 4400 ad-

439 4452 565 4514 huc
617 4453 728 4513 viri
789 4452 960 4514 docti
1024 4454 1533 4529 proposuerunt.
1630 4448 2001 4523 Madvigius
2049 4448 2365 4510 Vaticano
2416 4463 2488 4508 se
2550 4446 2782 4508 adiun-
