3409 5184
1439 1243 1804 1385 Caput
1885 1245 1937 1358 l.

1382 1726 1602 1806 Orat.
1651 1727 1694 1806 1.
1760 1735 1799 1829 ξ
1864 1731 1983 1806 14.

723 1962 1018 2026 Clarcius
1053 1962 1268 2026 locum
1305 1963 1398 2025 sic
1435 1963 1635 2025 edidit
1669 1981 1843 2042 „non
1881 1964 2076 2026 modo
2107 1982 2268 2026 voce
2305 1982 2497 2028 nemo
2534 1965 2598 2028 L.
2630 1965 2848 2028 Pisoni

509 2070 859 2147 consulari,
913 2071 1030 2132 sed
1081 2088 1161 2132 ne
1214 2071 1393 2132 voltu
1447 2071 1710 2150 quidem
1761 2072 2094 2134 adsensus
2146 2075 2315 2134 est.“

722 2195 818 2256 Ad
881 2195 1057 2273 quod
1111 2195 1632 2259 l-lirschfelderus
1701 2197 1975 2257 adnotat
2014 2198 2056 2274 ¹)
2126 2197 2295 2271 „wir
2354 2197 2659 2260 erfahren
2726 2217 2851 2261 aas

507 2299 628 2362 der
678 2299 1158 2380 Nachpnlifung
1208 2301 1327 2365 des
1393 2303 1741 2365 VatiCanus
1808 2303 1923 2364 fiir
1986 2304 2283 2388 mehrere
2351 2303 2615 2382 Stellen,
2691 2307 2851 2369 dass

503 2407 927 2489 ‚,consular1“‘
959 2427 1045 2469 zu
1076 2407 1256 2470 lesen
1289 2410 1394 2484 fst,
1430 2409 1554 2472 das
1585 2409 1706 2470 der
1730 2411 2319 2488 Zusammenhang
2346 2411 2688 2486 erforden‘,
2716 2412 2851 2476 bis-

506 2512 630 2574 her
669 2513 835 2576 aber
872 2533 1004 2576 nur
1046 2516 1188 2576 eine
1261 2509 1382 2576 der
1431 2516 1821 2593 geringeren
1886 2515 2399 2579 Handschriften
2468 2517 2649 2580 ὑπ’(
2717 2519 2847 2581 Sed

507 2638 928 2700 quaeramuS,
982 2640 1134 2684 num
1205 2615 1540 2686 consulari
1598 2623 1867 2684 circuitu
1938 2623 2284 2685 verborum
2336 2627 2847 2704 consequentia-

507 2744 634 2806 que
686 2713 1160 2790 sententiarum
1213 2729 1622 2804 efflagitetur.
1720 2728 2003 2808 Minime,
2072 2731 2289 2809 credo,
2351 2748 2495 2793 cum
2548 2733 2846 2806 singulae

506 2835 874 2896 sententiae
927 2852 999 2896 se
1052 2836 1353 2914 excipere
1405 2839 1471 2898 et
1520 2837 1685 2898 inter
1734 2854 1807 2898 se
1876 2836 2232 2900 cohaerere
2300 2839 2605 2901 debeant.
2680 2839 2845 2902 Cum

507 2941 677 3002 enim
715 2940 994 3016 legimus
1029 2942 1193 3020 „sed
1245 2960 1325 3004 ne
1378 2961 1552 3004 unus
1604 2943 1801 3004 modo
1854 2944 2266 3005 consularis“
2318 2945 2418 3006 vel
2471 2946 2843 3023 „idcircone

407 3065 412 3067 ·
506 3065 628 3109 nos
680 3049 964 3127 populus
1018 3050 1354 3112 Romanus
1405 3049 1718 3112 consules
1768 3049 1961 3112 fecit“
2011 3050 2222 3112 facere
2276 3069 2405 3112 non
2458 3069 2843 3131 possumuS,

506 3156 658 3234 quin
743 3157 884 3217 sine
965 3156 1094 3218 ulla
1175 3158 1451 3219 audacia
1531 3160 1907 3219 statuamus
1976 3175 2195 3218 veram
2266 3174 2417 3219 esse
2492 3159 2841 3221 lectionem

506 3261 891 3340 consularis,
991 3280 1186 3341 quam
1271 3280 1306 3324 a
1388 3267 1570 3341 parte
1651 3263 1838 3325 codd.
1894 3263 1945 3324 D
2014 3263 2302 3325 exhiberi
2355 3264 2649 3327 Clarcius
2729 3266 2843 3328 ad-

501 3368 730 3450 firmat.
764 3371 810 3446 2')
888 3371 1169 3431 Maxime
1232 3374 1450 3432 autem
1520 3370 1958 3448 sequentibus
2027 3370 2244 3431 verbis
2317 3372 2639 3449 scriptura
2689 3390 2843 3434 con-

502 3475 742 3538 sularis
811 3476 1092 3538 fulcitur.
1190 3477 1420 3540 Cicero
1493 3478 1662 3540 enim
1735 3477 1943 3555 pergit
2005 3494 2173 3554 „ego
2244 3477 2366 3539 hoc
2440 3479 2491 3539 si
2563 3496 2692 3540 non
2762 3480 2842 3541 ab

504 3584 810 3645 omnibus
863 3584 958 3645 eis
1009 3584 1336 3661 desidem,
1413 3585 1519 3663 qui
1573 3584 1969 3645 sententiam
2021 3584 2350 3645 consulari
2404 3584 2548 3646 loco
2597 3585 2841 3664 dicunt,

502 3692 568 3749 at
616 3693 834 3750 tamen
909 3706 944 3750 a
1007 3690 1473 3767 compluribus,
1536 3707 1572 3750 a
1624 3689 2018 3750 nonnulliS.“
2117 3689 2301 3762 Quae
2355 3708 2499 3752 cum
2552 3691 2638 3752 ita
2688 3691 2839 3768 sint,

503 3800 938 3882 nesesseest
989 3797 1337 3858 antecedat
1387 3815 1624 3874 „nemo
1679 3848 1689 3858 .
1731 3849 1741 3858 .
1783 3848 1794 3859 .
1848 3796 2276 3860 consularllsf‘
2324 3799 2536 3876 Atque
2588 3800 2639 3859 si
2694 3799 2841 3877 quis

505 3903 564 3962 in
618 3903 1049 3965 collocatione
1102 3905 1390 3982 baereat,
1447 3905 1498 3966 is
1549 3905 1841 3966 conferat
1893 3906 2093 3966 hosce
2145 3904 2316 3966 duos
2369 3905 2593 3966 locos:

718 4113 758 4178 1)
802 4112 1268 4167 Wochenschrift
1307 4113 1394 4167 fiir
1435 4113 1613 4168 klass.
1658 4113 1802 4169 Phil.
1844 4115 1995 4169 1901.
2039 4112 2129 4168 Nr.
2161 4116 2245 4167 27.

713 4201 756 4271 2)
799 4202 1048 4256 Alteram
1100 4206 1316 4271 partem
1358 4201 1519 4256 codd.
1550 4203 1598 4256 D
1629 4202 1814 4271 (sunt:
1846 4219 1872 4258 c
1903 4204 1985 4273 nl)
2030 4203 2163 4258 item
2205 4203 2479 4258 exhibere
2522 4203 2846 4259 consulari

500 4288 571 4344 ad
613 4305 727 4344 rem
771 4290 906 4344 nihil
948 4291 1118 4346 valet.
1182 4288 1358 4346 Tales
1399 4291 1549 4345 enim
1583 4293 1937 4361 corruptelae
1968 4291 2314 4361 saepissime
2338 4291 2392 4346 in
2423 4291 2579 4348 libris
2619 4294 2841 4350 inveni-

500 4384 686 4434 untur.
766 4379 852 4434 Ex
893 4384 1057 4435 oratt.
1103 4379 1344 4450 Philipp.
1388 4381 1640 4435 conferre
1694 4381 1827 4438 licet
1882 4381 1916 4437 l.
1974 4381 2009 4453 ξ
2047 4382 2107 4437 5;
2158 4381 2285 4436 suis
2338 4381 2627 4438 similibus
2683 4383 2833 4459 (pro:

499 4467 600 4528 sui
633 4466 944 4531 similibus,
987 4468 1261 4532 Similiter
1300 4485 1390 4531 res
1430 4484 1494 4529 se
1535 4469 1713 4531 habet
1754 4485 1830 4531 or.
1863 4469 1921 4531 ll.
1952 4472 1998 4530 2.
2028 4485 2104 4531 or,
2138 4469 2223 4531 lll.
2255 4470 2339 4532 18,
