3409 5184
1581 415 2023 475 —32—

631 614 792 672 orat.
830 610 918 672 lll.
955 611 993 690 ξ
1030 612 1087 671 1.
1124 608 1635 687 postulabatvit:
1669 609 1752 685 V;
2062 584 2457 687 postulavit:
2493 610 2564 671 D.

631 720 792 778 orat.
832 716 918 778 lll.
955 717 993 796 ξ
1030 717 1130 778 13.
1169 715 1528 794 possetint:
1562 716 1644 791 V;
2061 719 2374 793 possent:
2410 717 2482 778 D.

631 827 792 886 orat.
832 822 919 885 lll.
956 824 994 902 ξ
1034 825 1135 885 16.
1172 823 1369 884 traxit
1396 824 1722 884 tarxerat:
1756 823 1828 896 V;
2061 825 2382 884 traxerat:
2418 823 2489 884 D.

609 933 792 1010 orat.
830 930 915 991 lll.
953 931 990 1009 ξ
1027 930 1128 990 22.
1168 929 1583 1006 intellegitat:
1610 929 1682 1006 V;
2061 928 2497 1006 intellegeret:
2533 930 2605 991 D.

631 1039 791 1097 orat.
831 1035 918 1097 lll.
955 1037 993 1115 ξ
1030 1037 1131 1097 23.
1170 1033 1587 1097 contionibus
1620 1085 1630 1096 .
1663 1085 1673 1096 .
1705 1086 1716 1097 .
1748 1052 1905 1097 con-
2062 1034 2625 1098 contentionibus:
2660 1036 2732 1097 D.

842 1142 1413 1220 tentionibusque:
1453 1142 1524 1217 V;

631 1253 790 1312 orat.
839 1249 926 1311 lll.
1005 1250 1043 1328 ξ
1089 1250 1190 1311 36.
1258 1247 1668 1325 patefaciunt
1732 1247 1906 1310 fece—
2063 1247 2549 1325 patefecerunt:
2585 1248 2657 1310 D.

843 1357 1027 1417 runt:
1062 1355 1134 1431 V;

629 1467 789 1524 orat.
820 1463 890 1524 V.
921 1463 958 1541 ξ
988 1462 1044 1523 5.
1077 1459 1359 1538 Cotyian
1386 1459 1807 1539 Cotyionem:
1834 1461 1906 1537 V;
2066 1459 2491 1539 Cotylonem:
2514 1462 2699 1523 codd.
2719 1463 2818 1538 bt;
2841 1461 2971 1523 Co-

2232 1568 2433 1646 tylam
2466 1585 2645 1630 eam:
2668 1568 2853 1630 codd.
2887 1569 2967 1629 ln.

630 1770 790 1829 orat.
830 1766 900 1827 V.
938 1766 976 1844 ξ
1021 1766 1123 1826 28.
1161 1767 1296 1824 tum
1346 1763 1755 1825 deinde-tum
1783 1752 1901 1825 ¹at—
2061 1764 2508 1826 deinde-tum:
2545 1765 2616 1825 D.

884 1877 1000 1934 cie:
1035 1870 1106 1946 V;

629 1983 790 2042 orat.
829 1890 899 2039 ὅ.
937 1979 974 2056 ξ
1010 1977 1112 2038 45.
1157 1975 1472 2038 hortandi
1498 1976 1903 2038 honorandi:
2058 1977 2271 2039 deest:
2308 1978 2379 2038 D.

842 2085 915 2161 V;

628 2197 788 2256 orat.
827 2193 971 2254 Vlll.
1002 2192 1040 2270 ξ
1077 2191 1178 2253 32.
1217 2190 1452 2268 captivi
1488 2191 1702 2252 servi:
1738 2190 1810 2267 V;
2056 2191 2263 2252 servi:
2299 2191 2369 2251 D.

628 2304 789 2364 orat.
829 2300 928 2360 Xl.
966 2300 1004 2378 ξ
1042 2299 1142 2358 14.
1182 2297 1504 2359 vindicem
1536 2297 1626 2358 is:
1662 2297 1734 2374 V;
2059 2297 2384 2358 vindices:
2421 2297 2493 2358 D.

841 2442 981 2504 Non
1033 2440 1176 2502 sine
1228 2456 1430 2501 causa
1482 2455 1714 2500 omnes
1766 2439 2266 2516 dittographiaS,
2304 2455 2471 2517 quas
2509 2439 2797 2501 editores
2850 2440 2965 2501 ad-

625 2550 860 2626 ferunt,
936 2547 1178 2608 notavi.
1277 2544 1454 2607 Satis
1505 2545 1675 2606 enim
1728 2545 1897 2608 clare
1973 2562 2054 2606 ex
2129 2544 2249 2605 illis
2322 2545 2638 2622 adparere
2711 2547 2968 2608 videtur

628 2655 1013 2718 Vaticanum
1051 2654 1296 2714 librum
1349 2656 1463 2713 aut
1510 2651 1679 2712 illius
1716 2651 1962 2713 fontem
2000 2652 2083 2714 ab
2119 2652 2382 2713 homine
2420 2653 2708 2730 quodam
2746 2652 2966 2714 dedita

627 2779 828 2841 opera
878 2741 1293 2823 retractatum
1346 2776 1518 2820 esse.
1550 2761 1594 2836 ¹)
1664 2759 1809 2837 lpsa
1860 2777 1925 2820 re
1978 2777 2133 2834 ergo
2186 2757 2587 2837 adducimur,
2640 2764 2711 2821 ut
2761 2778 2966 2839 quae-

628 2886 870 2946 ramus,
923 2884 1075 2928 num
1129 2866 1228 2926 ille
1279 2864 1579 2926 librarius
1631 2865 1825 2926 etiam
1878 2866 2018 2926 aliis
2070 2866 2229 2927 locis
2266 2883 2389 2926 suo
2444 2866 2650 2943 ipsius
2704 2867 2963 2942 ingenio

624 2977 830 3038 fretus
881 2989 1151 3034 munere
1203 2972 1420 3050 critici,
1473 2988 1668 3049 quem
1743 2972 2039 3049 dicimuS,
2115 2972 2496 3050 perfunctus
2570 2974 2672 3037 sit.
2770 2975 2964 3048 Quod

627 3083 732 3145 vix
794 3081 1015 3154 negari
1091 3079 1346 3157 poterit,
1417 3095 1562 3140 curn
1616 3078 1985 3139 invenimus
2037 3077 2364 3139 librarium
2416 3079 2495 3139 de
2547 3082 2849 3144 consulto
2902 3085 2966 3143 et

627 3205 750 3250 sua
800 3191 1036 3266 sponte
1088 3185 1449 3247 mutavisse
1501 3189 1615 3246 aut
1664 3185 1882 3246 verbis
1935 3185 2196 3246 insertis
2247 3189 2359 3247 aut
2408 3186 2662 3248 deletis
2740 3188 2963 3261 Quae-

628 3295 902 3357 rendum
953 3294 1228 3372 primum
1299 3297 1420 3370 est,
1494 3310 1648 3354 num
1700 3293 1920 3354 verbis
1973 3292 2073 3354 vel
2126 3294 2475 3355 sententiis
2527 3294 2606 3356 de
2658 3295 2963 3357 consulto

627 3402 892 3464 omissis
942 3402 1120 3463 fraus
1171 3401 1337 3462 illius
1385 3401 1618 3461 librarii
1671 3404 2004 3473 arguatur.

843 3613 884 3678 ¹)
927 3610 1112 3676 Quem
1155 3610 1371 3665 fontem
1430 3609 1694 3665 librarius
1753 3610 1929 3666 nostri
1971 3610 2233 3666 Vaticani
2291 3610 2411 3666 cod.
2455 3611 2964 3680 neglegentissime

627 3699 944 3769 descripsit.
1026 3698 1158 3764 Qua
1198 3713 1254 3752 re
1296 3698 1417 3753 cod.
1461 3715 1495 3754 a
1534 3698 1767 3754 duobus
1809 3699 1938 3754 aliis
1992 3699 2235 3755 librariis
2290 3703 2682 3768 percorrectus
2736 3705 2843 3769 est,
2904 3706 2965 3756 ut

627 3788 1017 3856 distingamus
1054 3788 1154 3856 V1;
1194 3787 1294 3856 V2;
1334 3787 1422 3852 Va·
1467 3787 1856 3844 Statuendum
1902 3793 1992 3844 est
2033 3789 2272 3844 alterum
2316 3794 2687 3845 correctorem
2732 3789 2964 3858 codiciS,

627 3877 680 3931 id
722 3881 812 3932 est
850 3876 941 3946 V2‚
982 3880 1039 3932 et
1079 3877 1390 3947 exemplari
1432 3877 1725 3932 simillimo
1777 3876 1938 3931 codd.
1984 3876 2029 3930 D
2088 3891 2255 3931 usum
2319 3891 2450 3932 esse
2506 3882 2562 3933 et
2616 3877 2800 3933 multa
2856 3892 2962 3931 suo

627 3967 856 4023 arbitrio
897 3967 1236 4024 mutavisse.
1295 3965 1528 4031 Quibus
1569 3966 1917 4021 coniecturis
1958 3981 2135 4037 parva
2173 3965 2322 4020 fides
2363 3967 2634 4022 habenda
2674 3970 2789 4035 est;
2830 3980 2959 4020 nam

625 4055 899 4110 omnibus
958 4055 1027 4109 iis
1085 4055 1243 4124 lociS‚
1303 4055 1517 4124 quibus
1567 4055 1817 4111 editores
1858 4055 2162 4111 lectionem
2204 4055 2277 4121 V2
2320 4060 2699 4125 anteponunt,
2754 4070 2965 4122 magna

628 4145 770 4200 inter
809 4144 964 4200 viros
1004 4143 1208 4199 doctos
1248 4144 1373 4199 rixa
1413 4148 1615 4198 exorta
1655 4149 1763 4212 est,
1843 4147 1904 4198 ut
1949 4145 2105 4198 haud
2147 4144 2327 4199 sciam
2372 4159 2443 4199 an
2488 4142 2852 4199 Eberhardus
2892 4142 2963 4198 ad

625 4237 763 4289 orat.
807 4233 836 4287 l.
878 4233 912 4304 ἓ
950 4233 1019 4288 30
1059 4237 1209 4288 recte
1262 4233 1501 4289 adnotet
1557 4232 1705 4288 urbe
1764 4232 2050 4288 incendio
2106 4237 2165 4288 et
2219 4231 2429 4288 caedis
2482 4238 2648 4288 meto
2702 4230 2966 4287 liberata

627 4323 699 4377 ist
739 4322 829 4377 ein
872 4321 1003 4377 sehr
1045 4321 1380 4391 passender,
1423 4322 1558 4377 aber
1598 4318 1899 4376 immerhin
1943 4320 2274 4376 unsicherer
2303 4319 2517 4375 Zusatz
2547 4322 2600 4376 in
2632 4321 2728 4375 der
2758 4320 2963 4376 besten

625 4409 995 4466 Handschrift
1035 4424 1147 4465 von
1186 4411 1452 4479 jungerer
1481 4409 1703 4466 l-land.“
1739 4437 1797 4444 -
1825 4410 1900 4476 V3
1938 4409 2201 4479 congruit
2240 4409 2516 4464 omnibus
2556 4409 2699 4464 locis
2740 4424 2868 4463 cum
2902 4409 2964 4463 D.
