3409 5184
1449 461 1883 522 -67—

1367 706 1588 785 Orat.
1637 707 1740 784 lll.
1805 714 1844 806 ξ
1904 709 1973 784 8.
2009 775 2030 782 .,

713 923 947 987 Cicero
999 924 1079 987 de
1131 923 1332 987 Bruto
1384 924 1673 1002 loquitur
1710 941 1792 1002 „o
1841 924 2048 987 civem
2100 928 2324 986 natum
2377 924 2466 986 rei
2518 925 2843 1004 publicae,

505 1049 862 1095 memorem
914 1031 1015 1093 sui
1068 1031 1352 1094 nominis
1406 1031 1937 1109 imitatoremque
1989 1031 2348 1094 maiorum!
2404 1049 2623 1111 neque
2672 1032 2844 1094 enim

500 1139 860 1217 Tarquinio
912 1137 1196 1216 expulso
1247 1137 1607 1199 maioribus
1659 1138 1906 1199 nostris
1955 1141 2087 1199 tam
2137 1137 2256 1200 fuit
2299 1140 2529 1216 optata
2578 1139 2845 1204 libertas

500 1262 695 1325 quam
747 1249 851 1307 est
899 1245 1181 1322 depulso
1232 1245 1518 1308 Antonio
1569 1245 1915 1307 retinenda
1965 1245 2223 1307 nobiS.“

715 1369 820 1432 Sic
872 1387 1106 1432 omnes
1157 1370 1449 1433 editores
1500 1370 1731 1444 legunt
1780 1373 1846 1431 et
1895 1370 1977 1431 ad
2027 1387 2161 1431 rem
2208 1370 2361 1432 nihil
2410 1371 2844 1434 desideratur.

504 1477 634 1540 Sed
688 1478 747 1538 in
796 1476 1006 1538 forma
1056 1477 1374 1539 orationis
1427 1476 1666 1539 offendi
1720 1479 1963 1555 potest.
2002 1477 2065 1538 ln
2117 1477 2360 1539 talibus
2412 1479 2582 1539 enim
2634 1495 2845 1541 enun-

499 1585 697 1663 tiatis,
750 1601 921 1664 quae
974 1583 1311 1662 particulis
1363 1587 1501 1647 tam
1539 1620 1616 1629 -
1655 1601 1857 1661 quam
1891 1585 2059 1646 inter
2092 1601 2165 1646 se
2203 1584 2695 1660 coniunguntur
2730 1589 2845 1648 aut

504 1709 675 1771 quae
728 1691 1025 1753 similiter
1073 1687 1456 1753 constructa
1507 1694 1684 1769 sunt,
1724 1689 1957 1753 Cicero
2010 1690 2295 1770 enititur,
2332 1694 2405 1752 ut
2439 1691 2649 1753 oratio
2686 1708 2844 1754 con-

503 1799 696 1861 cinna
753 1797 885 1860 fiat.
962 1796 1266 1859 Adferam
1318 1798 1717 1876 exemplum.
1772 1797 1833 1858 ln
1871 1802 2035 1860 orat.
2072 1815 2165 1876 pr.
2206 1798 2379 1860 Sest.
2416 1799 2455 1877 ξ
2492 1800 2573 1860 47
2610 1797 2848 1874 legitur

499 1904 919 1982 „nesciebam
970 1904 1138 1965 inter
1186 1903 1724 1980 sapientissimos
1774 1903 2079 1966 homines
2131 1903 2300 1966 hanc
2352 1904 2844 1967 contentionem

495 2010 726 2089 fuisse,
776 2015 850 2073 ut
907 2011 1010 2072 alii
1082 2011 1375 2073 dicerent
1445 2011 1701 2072 animos
1772 2010 2110 2072 hominum
2184 2027 2565 2090 sensusque
2636 2015 2843 2074 morte

499 2117 842 2195 restingui,
924 2117 1026 2179 alii
1101 2121 1323 2180 autem
1393 2121 1531 2179 tum
1606 2117 1890 2179 maxime
1964 2121 2222 2180 mentes
2296 2119 2694 2196 sapientium
2770 2135 2844 2181 ac

499 2224 761 2286 fortium
827 2225 1134 2300 virorum,
1188 2241 1334 2287 cum
1406 2242 1488 2287 ex
1558 2241 1835 2302 corpore
1907 2225 2384 2302 excessissent,
2456 2226 2701 2287 sentire
2771 2242 2845 2288 ac

499 2332 763 2407 vigere;
834 2349 1114 2410 quorum
1166 2331 1442 2393 alterum
1493 2331 1878 2405 fugiendum
1926 2349 2054 2393 non
2108 2349 2284 2409 esse,
2336 2348 2559 2394 carere
2612 2349 2839 2410 sensu,

501 2438 778 2500 alterum
862 2439 1057 2500 etiam
1139 2438 1525 2516 optandum,
1608 2438 1876 2500 meliore
1952 2455 2104 2500 esse
2179 2441 2451 2500 sensu.“
2549 2437 2640 2500 Ex
2713 2456 2845 2517 quo

502 2546 807 2623 exemplo
878 2545 1336 2624 similibusque
1405 2544 1662 2608 efficere
1734 2545 1881 2607 licet
1954 2546 2373 2607 scribendum
2446 2563 2598 2607 esse
2669 2549 2844 2624 „tam

497 2652 617 2714 fuit
667 2652 1322 2730 optanda‘libertas“
1374 2656 1444 2715 ut
1495 2653 1620 2713 iam
1672 2651 1972 2714 Muretus
2024 2651 2405 2714 humanista
2455 2652 2679 2714 voluit.

714 2778 807 2840 De
860 2779 1240 2840 coniectura
1290 2777 1362 2840 C.
1403 2778 1463 2842 Ρ.
1504 2778 1600 2839 W.
1642 2777 1935 2839 Muelleri
1989 2779 2165 2856 „iam
2215 2778 2545 2840 Antonio“
2584 2777 2845 2852 longius

498 2887 826 2948 disserere
878 2903 1050 2964 opus
1101 2902 1232 2947 non
1285 2885 1422 2947 erit.
1476 2884 1643 2948 Cum
1680 2886 1851 2947 enim
1890 2886 2249 2948 Vaticanus
2287 2885 2556 2947 exhibet
2604 2901 2845 2963 „quam

501 2997 603 3055 est
654 2993 935 3071 depulso
1004 2992 1369 3054 maioribus
1433 2993 1684 3054 nostris
1755 2992 1936 3053 ἐάων(
1996 2993 2438 3071 dittographia
2507 2996 2845 3071 tamquam

499 3104 652 3162 ante
704 3082 912 3178 pedes
964 3101 1182 3178 posita
1233 3103 1356 3162 est.
1440 3099 1690 3162 Deinde
1752 3100 2085 3177 oppositio
2151 3099 2501 3161 verborum
2570 3097 2846 3175 expulso

500 3211 566 3268 et
601 3203 877 3285 'repulso
927 3206 1202 3284 deletur,
1255 3222 1401 3269 cum
1453 3207 1727 3269 verbum
1779 3206 2059 3268 additur.

1337 3504 1558 3583 Orat.
1607 3505 1713 3582 111.
1776 3513 1814 3604 g
1877 3507 1999 3585 39.

714 3722 927 3816 Vulgo
979 3741 1071 3803 sic
1124 3739 1339 3803 editur
1388 3740 1691 3818 „senatui
1746 3739 2027 3818 placere,
2066 3739 2154 3802 uti
2208 3739 2280 3802 C.
2319 3739 2537 3803 Pansa
2588 3739 2659 3803 Α.
2702 3740 2844 3802 Hir-

497 3849 634 3911 tius
682 3848 1004 3910 consules
1069 3847 1420 3924 designati,
1495 3863 1642 3909 cum
1717 3847 2177 3922 magistratum
2248 3846 2551 3924 inissent,
2623 3846 2677 3907 si
2748 3847 2845 3908 eis

500 3956 852 4030 videretur,
915 3956 1122 4032 primo
1197 3971 1465 4033 quoque
1539 3958 1837 4032 tempore
1910 3954 1991 4016 de
2065 3953 2167 4015 his
2243 3954 2441 4016 rebus
2516 3954 2597 4015 ad
2671 3953 2844 4015 hunc

501 4063 796 4124 ordinem
848 4061 1181 4139 referrent,
1235 4061 1324 4122 uti
1379 4063 1478 4139 e¹)
1530 4077 1596 4122 re
1649 4060 1909 4138 publica
1957 4059 2222 4139 fideque
2274 4077 2397 4125 sua
2446 4059 2845 4121 videretur.“

699 4209 706 4213 .
721 4202 916 4212 --ῲ-..ῥ-

715 4273 756 4344 ¹)
800 4272 986 4329 Clarc.
1029 4272 1115 4327 ed.
1159 4289 1196 4328 a
1246 4287 1313 4327 re
1354 4269 1542 4340 publ„
1602 4270 1756 4340 quod
1812 4269 2086 4325 mendum
2144 4269 2627 4341 typographicum
2688 4272 2845 4339 puto.

501 4362 774 4418 Similiter
839 4365 1141 4432 peccatum
1185 4365 1276 4416 est
1325 4375 1400 4416 or.
1443 4359 1510 4415 X.
1551 4359 1586 4432 ἓ
1637 4360 1726 4429 12,
1766 4374 1894 4430 pag.
1936 4361 1985 4429 6,
2026 4373 2175 4415 vers
2217 4359 2275 4415 3:
2336 4372 2691 4431 quocunque
2746 4373 2843 4431 pro

501 4461 872 4526 quacunque.
