3409 5184
1511 413 1594 484 '-·
1692 441 1775 501 76
1871 475 1949 482 -

561 653 707 700 cum
758 652 838 698 ea
887 636 1310 698 coniunctum
1362 652 1508 697 raro
1560 635 1888 712 invenies;
1939 635 2059 697 sed
2110 635 2444 713 praecedit
2494 637 2723 697 nostro
2760 635 2915 698 loco·

561 742 939 822 potentialis
989 742 1078 804 sit
1142 758 1218 805 se
1281 743 1426 820 ipsa
1491 744 1819 804 contenta.
1919 741 2141 820 ltaque
2212 743 2429 804 omnia
2498 758 2663 804 sana
2730 746 2906 820 sunt,

561 850 758 912 modo
820 851 996 911 recte
1065 849 1436 911 sententias
1506 848 2039 926 interpungendo
2109 848 2505 926 distinguas,
2557 830 2734 926 quod
2803 865 2907 909 me

561 956 824 1035 quidem
878 955 1088 1017 iudice
1141 972 1271 1017 non
1323 955 1473 1016 fecit
1523 953 1842 1018 Clarcius,

1430 1217 1650 1296 Orat.
1697 1218 1805 1297 Vl.
1871 1225 1909 1317 ξ
1970 1222 2040 1296 7.

777 1434 1009 1498 Cicero
1091 1434 1399 1497 contione
1480 1451 1517 1495 a
1597 1434 1663 1495 Ρ.
1728 1433 2003 1512 Apuleio
2075 1434 2220 1496 trib.
2297 1434 2467 1512 pleb.
2542 1439 2908 1497 convocata

563 1541 883 1620 populum
938 1541 1327 1619 Romanum,
1375 1540 1531 1619 quid
1584 1540 1726 1618 ipse
1778 1540 1858 1601 de
1910 1540 2243 1615 legatione
2295 1541 2377 1602 ad
2428 1541 2510 1602 M.
2550 1541 2905 1603 Antonium

562 1650 827 1711 decreta
863 1648 1216 1726 existimet,
1254 1648 1509 1711 edocet.
1578 1647 1793 1725 Atque
1830 1649 2183 1726 postquam
2221 1648 2560 1725 copiosius
2596 1649 2910 1726 exposuit

563 1760 870 1818 senatum
922 1773 996 1817 se
1049 1756 1251 1817 invito
1302 1755 1561 1830 legatos
1598 1755 1679 1816 ad
1718 1755 2073 1817 Antonium
2111 1755 2470 1818 mittendos
2506 1756 2907 1833 decrevisse,

564 1865 778 1942 pergit
812 1880 1029 1942 „quae
1081 1879 1227 1924 cum
1281 1863 1367 1924 ita
1417 1863 1568 1941 sint,
1607 1879 1737 1925 non
1790 1863 2057 1924 omnino
2109 1862 2507 1925 dissolutum
2559 1865 2683 1942 est,
2730 1863 2907 1942 quod

564 1971 857 2046 decrevit
925 1973 1234 2032 senatus:
1288 1969 1488 2038 habet
1560 1970 1925 2033 atrocitatis
1998 1970 2241 2049 aliquid
2314 1970 2587 2047 legatio;
2658 1970 2906 2032 utinam

564 2078 718 2140 nihil
769 2078 1045 2139 haberet
1095 2079 1350 2139 morae!
1448 2077 1607 2139 Nam
1659 2093 1807 2139 cum
1859 2077 2193 2158 plerisque
2245 2078 2304 2139 in
2367 2078 2567 2140 rebus
2631 2078 2910 2139 tarditas

565 2188 629 2246 et
679 2184 1187 2262 procrastinatio
1238 2185 1472 2246 odiosa
1523 2186 1645 2263 est,
1721 2188 1859 2246 tum
1911 2184 2036 2246 hoc
2088 2184 2328 2247 bellum
2381 2185 2630 2260 indiget
2681 2185 2908 2247 celeri-

564 2291 737 2353 tatis,
813 2291 1342 2354 Succurrendum
1396 2295 1500 2352 est
1573 2292 1646 2354 D.
1708 2291 1942 2369 Bruto;
2017 2308 2250 2354 omnes
2318 2291 2608 2369 undique
2676 2291 2907 2370 copiae

567 2397 1008 2475 colligendae;
1060 2397 1289 2460 horam
1352 2385 1660 2460 exbibete
1715 2396 1964 2460 nullam
2038 2399 2096 2459 in
2169 2399 2279 2460 tali
2354 2398 2493 2461 cive
2568 2398 2907 2461 liberando

563 2506 705 2567 sine
757 2506 1007 2568 scelere
1057 2523 1193 2567 non
1243 2509 1673 2585 possumuS.“

779 2632 1197 2711 Quamquam
1281 2632 1418 2693 libri
1498 2631 1780 2694 familiae
1855 2632 1907 2692 D
1987 2632 2251 2710 desunt,
2337 2636 2558 2694 tamen
2656 2635 2905 2695 certum

562 2739 806 2817 aliquid
857 2739 1167 2801 constitui
1216 2756 1420 2817 posse
1467 2739 1775 2817 equidem
1828 2742 2056 2801 contra
2092 2737 2165 2801 C.
2204 2739 2267 2801 F.
2305 2739 2403 2800 W.
2444 2739 2827 2802 Muellerum
2858 2741 2909 2818 ¹)

565 2847 968 2909 crediderim.
1068 2847 1262 2920 Quod
1313 2847 1672 2910 Vaticanus
1734 2847 1951 2925 tradit,
2026 2850 2404 2924 corruptum
2466 2851 2589 2909 est.
2686 2846 2907 2920 Quare

566 2955 691 3016 iam
742 2957 1005 3017 veteres
1066 2954 1485 3017 humanistae
1537 2955 1779 3016 vulnus
1831 2970 2069 3016 sanare
2130 2955 2345 3017 conati
2406 2959 2581 3017 sunt.
2679 2954 2907 3028 Quan-

563 3065 701 3123 tum
775 3061 988 3139 vide0,
1072 3062 1132 3123 in
1209 3061 1431 3139 primis
1508 3062 1752 3124 Budaei
1827 3062 2206 3124 coniectura
2286 3061 2559 3140 „horam
2622 3062 2911 3123 eximere

564 3168 853 3229 nullam“
884 3168 1209 3246 laudatur,
1239 3185 1437 3246 quam
1474 3168 1765 3230 editores
1802 3169 2125 3246 recipiunt
2158 3169 2264 3247 ita,
2294 3172 2365 3231 ut
2400 3168 2501 3231 alii
2540 3186 2685 3231 cum
2723 3171 2906 3230 vete-

566 3275 748 3337 ribus
800 3275 1164 3337 editoribus
1215 3275 1545 3350 corrigant
1593 3274 1811 3355 ullam,
1878 3276 1982 3337 alii
2036 3274 2290 3337 Halmio
2342 3278 2611 3338 auctore
2660 3274 2911 3336 nullam

566 3381 871 3443 omittant
919 3382 1019 3443 vel
1071 3382 1258 3444 uncis
1309 3382 1664 3460 includant,
1701 3382 1805 3444 alii
1842 3399 1989 3445 cum
2027 3383 2318 3445 Manutio
2357 3372 2422 3444 et
2455 3382 2907 3445 Wernsdorfio

563 3506 700 3550 non
747 3493 899 3550 ante
942 3506 1313 3566 possumus
1362 3489 1644 3552 deleant.
1697 3488 1997 3553 Clarcius
2035 3490 2269 3552 Ursino
2307 3493 2670 3568 praeeunte
2707 3489 2909 3551 edidit

567 3612 869 3673 „moram
918 3594 1227 3657 exhibete
1288 3594 1486 3656 ullam
1549 3596 1609 3656 in
1678 3596 1809 3658 tale
1862 3596 2000 3658 cive
2050 3596 2387 3658 liberando
2448 3596 2591 3657 sine
2654 3595 2905 3658 scelere

564 3717 700 3765 non
748 3706 1177 3781 possumuS.“
1499 3709 1503 3714 “

781 3825 911 3888 Sed
995 3826 1539 3905 Hirschfelderus,
1621 3843 1770 3889 cum
1852 3829 2342 3890 enuntiatorum
2425 3827 2651 3890 ordine
2735 3827 2907 3887 alius

567 3948 814 3993 sensus
865 3931 1281 4011 efflagitetur,
1333 3932 1526 3995 aliam
1578 3934 2064 3997 emendationis
2115 3935 2285 4001 viam
2338 3934 2635 3995 instituit.
2664 3934 2711 4011 2)
2764 3933 2906 4011 „Zu

567 4037 840 4101 Ciceros
891 4039 1233 4102 Bedauern
1286 4039 1400 4101 hat
1458 4040 1574 4101 der
1642 4040 1869 4119 Senat,
1939 4041 2205 4103 obwohl
2274 4041 2391 4102 der
2459 4040 2650 4114 Krieg
2716 4038 2906 4113 eilige

568 4145 877 4222 Fuhrung
943 4147 1262 4225 verlangt,
1333 4147 1473 4208 sich
1540 4146 1641 4209 fur
1708 4147 1834 4209 den
1889 4147 2226 4211 Aufschub
2288 4147 2758 4222 entschieden;
2810 4145 2907 4207 in-

783 4341 826 4407 1)
866 4339 988 4395 Vol.
1033 4339 1128 4408 11.3
1170 4355 1297 4410 pag.
1341 4338 1515 4395 CXV.

781 4431 825 4498 2)
865 4428 1146 4485 FleckeiS.
1189 4428 1380 4486 annal.
1422 4430 1559 4482 1871
1602 4445 1730 4499 pag.
1772 4430 1892 4484 206.
