3409 5184
1482 505 1927 568 -60.-

534 700 866 763 dationem
919 701 1068 763 inde
1120 718 1404 779 sumere,
1478 705 1615 763 tum
1676 702 1877 780 quod,
1952 702 2075 764 etsi
2140 719 2245 765 res
2317 703 2642 764 interdum
2696 702 2901 784 aliter,

534 826 608 871 se
660 809 922 887 habeat,
952 811 997 888 ¹)
1049 809 1525 872 sententiarum
1587 810 2003 872 connexione
2074 810 2240 872 alius
2310 827 2555 872 sensus
2630 809 2879 886 efflagi-

532 918 727 978 tatur.
825 916 1152 978 Antonius
1203 919 1357 994 post
1408 915 1767 979 Caesarem
1822 916 2232 979 interfectum
2294 934 2361 979 re
2412 934 2568 978 vera
2631 915 2878 979 Romae

534 1023 860 1101 dominuS,
913 1039 1046 1085 rem
1099 1023 1423 1101 publicam
1476 1041 1605 1086 non
1658 1025 1741 1087 ad
1790 1025 2103 1100 gaudium
2155 1027 2219 1086 et
2268 1024 2876 1102 comprobationem

534 1129 769 1192 civium
821 1130 1144 1192 bonorum
1179 1132 1383 1208 gerit,
1459 1135 1531 1194 ut
1593 1132 1953 1211 periculum
2015 1132 2119 1211 sit,
2193 1149 2274 1193 ne
2345 1132 2577 1194 eadem
2652 1132 2878 1194 mortis

534 1236 919 1300 crudelitate
996 1237 1307 1316 eripiatur
1379 1242 1577 1317 atque
1647 1238 1721 1302 C.
1792 1239 2045 1302 Caesar
2115 1239 2410 1301 dictator.
2509 1238 2573 1300 ld
2647 1236 2878 1301 Cicero

533 1343 888 1406 Antonium
940 1348 1165 1406 monet
1214 1349 1491 1424 oratque
1528 1349 1728 1424 atque
1766 1347 2096 1424 obsecrat,
2134 1363 2215 1408 ne
2254 1346 2519 1406 nimium
2557 1345 2871 1423 potestati

533 1450 839 1528 confidat,
892 1467 1037 1513 cum
1089 1451 1190 1513 vel
1241 1470 1502 1514 summa
1551 1456 1855 1530 potestas
1924 1453 2255 1515 hominem
2332 1452 2877 1529 intemperantem

531 1557 696 1619 tueri
750 1575 880 1618 non
934 1558 1166 1635 possit.
1231 1557 1463 1621 Cicero
1516 1558 1669 1620 nihil
1723 1558 1897 1620 aliud
1950 1558 2165 1621 dicere
2198 1558 2479 1620 'videtur
2528 1557 2652 1619 nisi
2704 1575 2876 1636 quae

533 1663 775 1726 Brutus
827 1667 891 1726 et
941 1663 1222 1727 Cassius
1274 1666 1356 1727 ad
1407 1666 1487 1726 Μ.
1542 1665 1896 1728 Antonium
1949 1665 2108 1726 dant
2132 1666 2179 1743 ²)
2232 1665 2376 1743 „Tu
2428 1665 2622 1726 etiam
2674 1667 2876 1742 atque

533 1769 727 1831 etiam
797 1770 966 1848 vide,
1035 1771 1191 1848 quid
1265 1771 1613 1853 suscipiaS,
1689 1771 1846 1849 quid
1928 1772 2259 1832 sustinere
2334 1771 2580 1849 possiS,
2658 1785 2875 1848 neque

532 1892 728 1955 quam
798 1877 908 1939 diu
974 1878 1208 1940 vixerit
1277 1878 1548 1956 Caesar,
1619 1878 1739 1956 sed
1809 1895 2005 1956 quam
2076 1878 2185 1940 diu
2237 1895 2367 1939 non
2420 1877 2727 1956 regnarit,
2780 1877 2878 1939 fac

533 1984 854 2059 cogites.“
881 1984 1107 2047 Talem
1147 1986 1543 2047 sententiam
1581 1985 1801 2063 aliquo
1839 1985 2034 2047 modo
2075 1985 2134 2046 in
2171 1985 2341 2046 thesi
2382 1984 2877 2063 exprimendam

533 2109 687 2154 esse
739 2093 888 2154 mihi
941 2092 1206 2171 quidem
1257 2109 1655 2170 persuasum
1708 2096 1829 2170 est,
1883 2096 1954 2154 ut
2004 2109 2149 2155 cum
2205 2092 2275 2155 Η.
2315 2091 2550 2154 Nohlio
2601 2090 2877 2168 aliisque

534 2198 897 2261 editoribus
979 2199 1100 2262 hac
1173 2199 1589 2277 reputatione
1659 2199 1844 2261 facile
1915 2198 2224 2275 adducar,
2294 2201 2366 2260 ut
2434 2197 2877 2259 coniecturam

533 2305 766 2368 Mureti
818 2309 1020 2382 tutus,
1071 2323 1203 2384 qua
1252 2306 1482 2368 melior
1532 2306 1805 2368 inveniri
1859 2323 1988 2368 non
2050 2309 2293 2384 potest,
2347 2305 2620 2382 probem
2677 2306 2875 2381 atque

532 2413 1383 2490 accipiam-Etiamaltera
1435 2414 1686 2475 ratione
1742 2413 1905 2475 haec
1942 2413 2323 2475 coniectura
2358 2411 2876 2474 commendatur.

533 2518 990 2582 Satisfacimus
1072 2520 1242 2582 enim
1325 2520 1429 2581 illa
1510 2519 1742 2581 Mureti
1840 2520 2119 2582 lectione
2216 2523 2483 2597 recepta
2578 2517 2876 2580 Ciceroni

533 2626 953 2704 philosopho.
1007 2627 1212 2688 Velim
1265 2626 1568 2689 conferas
1606 2627 1699 2688 De
1738 2626 1922 2688 Fin.l
1976 2627 2013 2705 ξ
2066 2626 2146 2688 35
2199 2626 2400 2704 „quid
2452 2643 2535 2687 ex
2586 2641 2665 2686 eo
2718 2641 2871 2686 con—

534 2737 808 2796 secutus
860 2737 963 2795 est
1012 2734 1271 2796 laudem
1324 2737 1389 2796 et
1439 2734 1797 2810 caritatem,
1850 2751 2021 2812 quae
2073 2736 2230 2795 sunt
2278 2732 2449 2794 vitae
2502 2732 2644 2794 sine
2696 2734 2875 2792 metu

532 2841 877 2915 degendae
921 2841 1254 2918 praesidia
1301 2840 1735 2903 firmissima“
1782 2844 1845 2902 et
1895 2841 2022 2902 ibd.
2076 2842 2113 2921 ξ
2165 2841 2247 2903 53
2329 2857 2523 2918 „nam
2583 2838 2767 2917 (fingi
2810 2839 2877 2900 et

532 2965 758 3010 carum
820 2965 972 3010 esse
1044 2949 1400 3011 iucundum
1471 2953 1573 3010 est
1642 2952 2015 3026 propterea,
2079 2948 2233 3026 quia
2302 2947 2614 3009 tutiorem
2679 2946 2876 3006 vitam

533 3058 598 3116 et
647 3055 1053 3144 voluptatem
1091 3056 1451 3135 pleniorem
1489 3055 1749 3117 eflicit.“
1800 3055 2028 3128 Quid?
2080 3061 2297 3116 nonne
2336 3054 2497 3116 haec
2534 3052 2878 3116 Ciceronis

533 3162 732 3224 verba
781 3163 1012 3224 mirum
1065 3164 1123 3224 in
1176 3163 1441 3225 modum
1493 3179 1638 3224 cum
1690 3163 1814 3225 hoc
1865 3162 2009 3224 loco
2062 3162 2536 3224 consentiunt?

749 3306 810 3366 ln
861 3304 987 3366 fine
1040 3305 1160 3367 loci
1213 3306 1572 3367 Vaticanus
1633 3304 1828 3366 tradit
1888 3305 2075 3366 omni
2127 3306 2479 3381 potestate.
2578 3297 2876 3366 Muretus

533 3412 910 3474 humanista
960 3413 1238 3474 coniecit
1288 3413 1558 3474 omnino
1599 3415 1842 3490 potest,
1895 3428 2092 3490 quam
2146 3413 2590 3474 coniecturam
2642 3427 2875 3472 omnes

535 3520 824 3582 editores
874 3523 1283 3597 receperunt.
1382 3520 1513 3582 Sed
1587 3520 1669 3581 ad
1741 3518 1934 3581 fidem
2019 3520 2292 3596 pronius
2374 3523 2476 3581 est
2555 3518 2875 3596 suspicari

536 3627 721 3688 omni
751 3629 1094 3704 potestate
1143 3629 1212 3688 ut
1261 3627 1666 3702 glossemate
1721 3629 2029 3704 corrupto
2100 3627 2454 3700 genuinam
2524 3625 2871 3687 lectionem

534 3745 932 3796 summotam
985 3751 1160 3796 esse.

749 3877 862 3938 l-lis
913 3878 1221 3939 omnibus
1273 3877 1472 3938 rebus
1524 3878 1847 3955 expositis
1898 3877 2113 3939 locum
2167 3877 2259 3938 sic
2324 3876 2650 3938 edendum
2723 3892 2877 3937 cen-

535 4001 756 4045 seam:
807 3983 949 4046 sine
1002 4002 1133 4063 quo
1187 4001 1307 4046 nec
1359 3984 1597 4045 beatus
1646 4001 1773 4045 nec
1817 4002 2013 4046 carus
2059 4001 2185 4046 nec
2255 3987 2440 4045 tutus
2505 3999 2654 4045 esse
2702 3982 2879 4060 quis-

535 4108 734 4168 quam
774 4093 1018 4168 potest.

750 4320 791 4391 1)
834 4319 1087 4376 Obstare
1129 4319 1357 4375 videtur
1399 4334 1472 4374 or.
1517 4319 1571 4373 in
1617 4319 1747 4375 Cat.
1781 4319 1848 4375 lV
1888 4321 1921 4389 ξ
1961 4320 2057 4374 11;
2101 4319 2375 4374 dederitis
2429 4317 2567 4372 mibi
2609 4317 2877 4375 comitem

534 4409 607 4466 ad
649 4409 977 4465 contionem
1022 4408 1234 4479 populo
1277 4423 1488 4464 carum
1530 4413 1590 4464 et
1629 4408 1977 4469 iucundum.

750 4499 795 4566 2)
840 4498 1018 4571 Epist.
1061 4499 1150 4560 ad,
1193 4497 1348 4559 Fam.
1390 4497 1464 4553 Xl
1507 4498 1555 4556 3.
