3409 5184
947 468 957 476 ’
1467 549 1552 558 -
1647 514 1735 576 21·
1827 550 1906 558 -

737 709 922 783 Quas
967 728 1104 772 non
1149 710 1437 773 faciebat
1499 728 1732 773 omnes
1806 711 2091 773 editores
2174 728 2211 772 a
2282 710 2521 774 Carolo
2606 711 2856 773 Halmio

519 837 736 897 usque
798 818 879 880 ad
933 818 1254 880 Clarcium
1305 818 1597 879 Vaticani
1669 818 2124 880 auctoritatem
2202 821 2567 896 sequentes
2637 818 2854 893 legere

519 941 641 987 nos
695 926 940 987 iubent.
1038 923 1285 987 Contra
1357 924 1672 986 exhibent
1745 924 1931 986 codd.
1985 925 2036 986 D
2118 941 2491 1002 quaenon
2556 924 2855 988 faciebat.
2972 978 2979 983 .

518 1032 879 1094 Verisimile
918 1049 1047 1093 non
1085 1036 1188 1093 est
1216 1031 1391 1093 viros
1427 1030 1850 1094 doctissimos
1887 1031 2233 1092 lectionem
2272 1031 2523 1093 illorum
2560 1031 2854 1093 codicum

518 1143 588 1202 ut
637 1140 894 1214 legibus
945 1138 1387 1214 grammaticis
1439 1138 1699 1199 minime
1737 1138 2249 1215 respondentem
2287 1139 2616 1200 reiecisse.
2678 1138 2857 1202 Con-

515 1245 658 1309 ferri
713 1247 883 1308 enim
936 1247 1120 1308 licet:
1190 1244 1321 1307 Cic.
1377 1246 1470 1307 De
1522 1244 1662 1306 Nat.
1718 1246 1909 1306 Deor.
1964 1244 2051 1306 lll.
2106 1245 2185 1305 24
2240 1244 2611 1322 „fortunam
2662 1262 2855 1307 nemo

515 1354 596 1415 ab
649 1353 1090 1415 inconstantia
1140 1356 1205 1414 et
1252 1353 1618 1414 temeritate
1670 1352 1996 1428 seiunget‚
2034 1369 2203 1429 quae
2234 1352 2449 1426 digna
2497 1355 2671 1414 certe
2724 1370 2879 1413 non-

515 1463 669 1521 sunt
736 1461 906 1522 deo“
957 1460 1057 1522 vel
1119 1459 1270 1522 Sall.
1323 1458 1466 1520 Cat.
1520 1457 1690 1536 Cap..
1735 1460 1839 1520 31.
1892 1459 1929 1537 ξ
1992 1460 2016 1519 1
2090 1475 2216 1536 „ex
2287 1476 2545 1520 summa
2613 1459 2856 1521 laetitia

514 1570 711 1646 atque
762 1567 1048 1644 lascivia,
1087 1583 1255 1644 quae
1301 1566 1608 1627 diuturna
1658 1566 1849 1644 quies
1900 1569 2265 1643 pepererat,
2319 1569 2589 1643 repente
2641 1567 2855 1628 omnis

425 1718 430 1725 .
512 1673 772 1734 tristitia
847 1673 1148 1734 invasit.“
1246 1671 1432 1744 Quae
1506 1688 1652 1733 cum
1725 1672 1811 1732 ita
1884 1671 2014 1732 sint
2082 1674 2281 1750 atque
2365 1688 2533 1749 quae
2611 1672 2854 1749 optime

514 1780 770 1854 legibus
806 1779 1247 1853 grammaticis
1282 1777 1540 1840 defendi
1579 1779 1812 1857 possit,
1850 1777 2504 1856 circumspiciendum
2542 1782 2663 1857 est,
2710 1782 2856 1840 utra

514 1887 706 1948 lectio
756 1903 913 1948 vera
961 1886 1064 1948 sit.
1147 1886 1360 1964 Atque
1413 1889 1484 1947 ut
1532 1903 1638 1947 res
1690 1886 1751 1945 in
1811 1885 2158 1946 discrimen
2210 1889 2500 1962 vocetur,
2562 1884 2854 1964 proficis-

514 1994 794 2056 cendum
827 1997 929 2055 est
957 2010 994 2054 a
1022 1992 1461 2070 sequentibus
1497 1992 1715 2054 verbis
1744 1993 1817 2053 at
1837 1991 1919 2068 ln‘,
1943 1992 2143 2069 quiin
2165 1992 2401 2054 horam
2431 1992 2728 2055 vsvetent
2758 2043 2769 2053 .
2800 2043 2810 2054 .
2842 2043 2853 2053 .

514 2102 985 2178 cogitaverunt.
1041 2100 1234 2172 Quod
1286 2100 1467 2160 attuli
1522 2117 1603 2161 ex
1653 2099 2032 2161 coniectura
2083 2099 2363 2172 Naugeri
2417 2099 2646 2161 editur.
2724 2100 2855 2162 Sed

513 2208 857 2269 videamus
908 2207 1191 2270 codices,
1245 2206 1602 2268 Vaticanus
1655 2206 1925 2268 exhibet
1973 2206 2139 2268 haec
2185 2207 2353 2283 qui.
2404 2256 2415 2268 .
2465 2257 2475 2268 .
2534 2207 2861 2283 viverent,·

515 2315 643 2375 lnt:
695 2315 861 2376 haec
905 2315 956 2374 ‘1⁰1'
997 2314 1153 2392 qui,·
1197 2331 1316 2388 ag:
1353 2315 1522 2376 haec
1561 2314 1637 2374 ln·
1677 2314 1821 2391 qul}-
1890 2314 1966 2375 b:
2006 2315 2073 2376 et
2115 2313 2189 2375 1η·
2230 2314 2356 2390 qui.
2438 2314 2853 2393 Quamquam

513 2422 776 2484 codices
850 2407 1017 2483 inter
1087 2439 1159 2483 se
1231 2421 1604 2499 discrepare
1655 2420 1978 2498 videntur,
2008 2422 2053 2499 ¹)
2127 2424 2343 2482 tamen
2397 2421 2643 2498 optimo
2696 2421 2853 2500 iure,

513 2544 658 2589 cum
727 2529 968 2590 codicis
1041 2529 1078 2590 b
1153 2529 1430 2606 scriptor
1499 2544 1629 2590 non
1708 2545 1908 2606 parva
1980 2546 2145 2589 usus
2213 2528 2296 2590 sit
2362 2528 2639 2608 licentia,
2728 2530 2848 2591 dici

513 2639 734 2712 potest
828 2653 1060 2702 omnes
1156 2636 1356 2697 libros
1437 2635 1750 2697 exhibere
1830 2637 2010 2697 haee.
2108 2635 2254 2708 Qua
2345 2653 2410 2697 re
2506 2640 2854 2714 perspecta

513 2743 817 2820 equidem
867 2743 1094 2804 dubito
1146 2760 1374 2832 yocem
1427 2747 1679 2804 mutare
1733 2746 1847 2804 aut
1914 2739 2153 2804 delere.
2252 2742 2316 2805 Si
2388 2746 2608 2805 autem
2678 2748 2851 2806 recte

514 2849 1082 2927 explicaverimu5‚
1152 2849 1343 2910 nobis
1414 2848 1589 2910 nulla
1659 2865 1841 2910 mora
1912 2849 2300 2926 interposita
2380 2866 2525 2911 cum
2606 2850 2854 2928 aliquot

513 2956 688 3017 libris
755 2955 903 3018 fam.
976 2957 1027 3017 D
1098 2955 1516 3018 scribendum
1616 2972 1769 3016 esse
1842 2955 2008 3016 haec
2085 2955 2134 3016 1'1'
2197 2957 2545 3033 concedeS,
2598 2960 2669 3018 ut
2727 2957 2851 3018 iam

511 3061 916 3124 Garatonius
1011 3062 1280 3124 monuit.
1382 3062 1514 3123 l-lac
1611 3065 1831 3124 autem
1927 3061 2205 3123 lectione
2299 3064 2561 3140 recepta
2649 3063 2853 3125 altera

443 3195 450 3201 ·
510 3169 857 3231 difficultas
933 3169 1260 3245 nascitur;
1342 3169 1667 3230 claudicat
1748 3169 1919 3230 enim
2002 3169 2231 3230 oratio.
2297 3168 2426 3231 Sed
2493 3168 2678 3231 facile
2750 3170 2854 3231 illa

509 3274 856 3337 difficultas
937 3276 1341 3353 sublevatur,
1424 3292 1570 3337 cum
1652 3275 1954 3336 voculam
2036 3292 2184 3336 cum
2263 3279 2414 3353 post
2493 3276 2608 3353 qui
2693 3294 2852 3354 sup-

511 3382 787 3459 plemuS‚
853 3400 1048 3461 quam
1102 3399 1424 3460 persaepe
1478 3382 1889 3444 intercidisse
1942 3401 2071 3444 non
2125 3383 2516 3445 mirabimur.
2599 3384 2853 3458 Legen-

509 3488 662 3550 dum
734 3492 835 3551 est
909 3490 1141 3563 igitur:
1212 3489 1378 3550 haec
1443 3489 1503 3570 1'1',
1557 3489 1672 3566 qui
1737 3505 1885 3549 cum
1958 3489 2016 3549 in
2087 3488 2313 3550 horam
2387 3490 2848 3551 viverent

511 3596 987 3670 cogitaverunt.

726 3756 854 3818 Sed
908 3758 1258 3819 redeamus
1309 3758 1390 3818 ad
1443 3757 1523 3833 id,
1563 3756 1740 3835 quod
1792 3773 1993 3832 supra
2044 3754 2435 3818 distulimus.
2476 3756 2566 3816 Ex
2602 3756 2850 3819 eisdem

511 3863 730 3940 rebuS,
762 3880 930 3941 quas
969 3864 1164 3925 modo
1203 3864 1482 3942 exposui
1524 3879 1842 3940 apparere
1868 3861 2124 3923 videtur
2158 3861 2352 3922 etiam
2405 3862 2615 3939 priore
2668 3867 2850 3940 parte

512 3971 826 4032 enuntiati
898 3971 1084 4033 codd.
1136 3971 1187 4031 D
1239 3971 1591 4044 genuinam
1670 3969 2016 4031 lectionem
2088 3984 2303 4052 „quae
2375 3985 2503 4028 non
2572 3967 2853 4031 faciebat

514 4075 854 4154 Hannibal,
926 4076 1080 4154 quia
1147 4093 1202 4137 e.
1255 4093 1312 4154 q.
1366 4079 1467 4137 S.“
1533 4075 1931 4151 servavisse,
2002 4091 2148 4136 cum
2198 4075 2364 4135 haec
2424 4078 2489 4136 et
2539 4092 2706 4152 quae
2756 4077 2848 4136 in—

511 4183 717 4244 vicem
769 4200 843 4244 se
894 4183 1179 4245 fulciant.

727 4430 768 4500 ¹)
811 4428 978 4485 Conf.
1028 4444 1104 4484 or.
1149 4429 1290 4486 Phil.
1332 4428 1472 4484 Vlll.
1523 4428 1558 4502 ᾗ
1596 4428 1679 4484 25.
1736 4426 1934 4483 ferrei:
1965 4427 2043 4498 'V;
2082 4425 2308 4482 ferreti:
2343 4429 2400 4496 t:
2446 4427 2619 4482 ferret
2657 4426 2730 4483 1'1':
2767 4428 2820 4483 ln

510 4520 615 4576 ferr
654 4518 770 4576 hii.-
807 4519 859 4576 b.
