3409 5184
1422 463 1863 524 ..81—

462 659 568 719 est
640 657 765 726 ista
837 658 1207 721 voluntaria
1275 658 1614 721 servitus?
1693 657 1888 721 fuerit
1956 655 2283 736 quaedam
2358 657 2806 720 necessaria.“

461 766 627 826 orat.
681 763 764 825 lll.
817 761 854 848 ξ
905 765 988 827 29
1039 763 1307 843 „multa,
1359 780 1532 845 quae
1603 763 1662 825 in
1737 763 1939 825 libera
2006 763 2266 825 civitate
2338 762 2609 824 ferenda
2676 779 2806 824 non

461 874 714 950 essent,
773 872 1045 934 tulimus
1096 874 1162 934 et
1211 871 1512 950 perpessi
1564 887 1830 946 sumus;
1884 921 1895 932 .
1950 919 1961 932 .
2017 921 2028 933 .
2081 870 2201 932 sed
2252 870 2305 932 si
2360 869 2464 932 illa
2512 869 2804 947 tulimu8‚

461 993 635 1056 quae
686 995 809 1040 nos
861 979 1235 1041 necessitas
1284 978 1452 1040 ferre
1503 979 1741 1056 coegit,
1804 994 1975 1056 quae
2027 977 2127 1039 vis
2194 975 2521 1056 quaedam
2589 976 2807 1039 fatalis

458 1120 548 1128 —-
581 1102 751 1163 quae
803 1088 1021 1148 tamen
1074 1087 1219 1164 ipsa
1267 1102 1397 1147 non
1449 1085 1719 1147 tulimus
1772 1102 1826 1147 e.
1866 1102 1926 1163 q.
1965 1087 2063 1146 S.“
2100 1087 2262 1148 orat.
2300 1084 2395 1147 Vl.
2436 1085 2474 1164 ξ
2514 1087 2594 1147 19
2646 1083 2807 1163 „fuit

462 1192 700 1271 aliquis
749 1192 964 1257 fatalis
1017 1211 1237 1270 casuS,
1314 1196 1383 1254 ut
1452 1193 1538 1255 ita
1608 1193 1840 1271 dicam,
1910 1208 2106 1271 quem
2174 1192 2465 1270 tulimuS,
2534 1208 2807 1270 quoquo

462 1300 660 1364 modo
739 1300 1053 1362 ferendus
1124 1300 1271 1377 fuit3
1346 1316 1518 1363 nunc
1587 1300 1639 1362 si
1711 1299 1861 1378 quis
1930 1299 2069 1376 erit,
2145 1299 2265 1361 erit
2332 1299 2804 1361 voluntariaS.“

462 1405 720 1479 Quibus
781 1407 941 1469 locis
1000 1407 1398 1486 comparatis
1461 1410 1737 1485 apparet
1797 1405 1997 1467 verba
2052 1403 2255 1466 fuerit
2309 1404 2635 1483 quaedam
2691 1421 2808 1467 ne-

461 1515 749 1578 cessarJ'a
798 1515 993 1576 etiarn
1029 1515 1154 1578 hoc
1207 1515 1349 1577 loco
1387 1514 1714 1592 pertinere
1752 1513 1833 1576 ad
1868 1511 2229 1576 Caesarem
2265 1512 2804 1590 dominatumque

462 1622 626 1684 eius,
711 1621 838 1683 lam
890 1620 1123 1685 Cicero
1175 1622 1388 1699 pergit
1437 1621 1820 1683 universum
1874 1620 2191 1698 populum
2246 1619 2611 1681 Romanum
2661 1619 2803 1680 tae-

459 1729 793 1790 terrimum
875 1727 1187 1791 Caesaris
1268 1728 1674 1790 dominatum
1758 1726 2277 1803 servitutemque
2357 1724 2804 1801 turpissimam

461 1839 797 1914 tamquam
879 1854 914 1897 a
998 1835 1365 1898 cervicibus
1447 1835 1534 1895 rei
1606 1832 1905 1911 publicae
1980 1831 2341 1910 depulisse,
2420 1831 2803 1908 principium

461 1943 778 2009 libertatis
829 1943 1286 2022 capessendae
1339 1942 1630 2005 Caesare
1684 1940 2025 2003 interfecto
2076 1940 2301 2002 datum
2354 1956 2527 2000 esse.
2613 1937 2802 2011 Quae

462 2068 606 2113 cum
672 2051 758 2112 ita
819 2052 970 2130 sint,
1040 2051 1196 2130 quid
1248 2051 1328 2112 ad
1378 2049 1572 2111 fidem
1626 2049 1899 2126 pronius
1951 2050 2053 2109 est
2102 2063 2298 2125 quam
2351 2050 2582 2123 putare
2635 2045 2802 2108 hanc

461 2176 614 2221 esse
685 2175 906 2221 veram
977 2158 1323 2220 lectionem
1377 2155 1836 2234 „ecquodnam
1908 2154 2293 2232 principium
2344 2149 2629 2236 (datum)
2681 2170 2804 2230 pu·-

460 2267 613 2329 tatis
667 2266 983 2328 libertatis
1035 2264 1491 2343 capessendae
1519 2265 1594 2324 ?“

1296 2456 1515 2534 Orat.
1561 2455 1678 2532 ΧΙ.
1744 2463 1783 2551 ,ξ
1848 2456 1965 2534 13.

674 2641 1061 2719 „l-lominem
1099 2639 1458 2716 ridiculum,
1514 2638 1621 2716 qui
1673 2654 1749 2699 se
1798 2652 2101 2698 exserere
2149 2653 2299 2698 aere
2352 2635 2565 2698 alieno
2617 2639 2804 2713 putet

462 2766 684 2828 posse,
755 2765 900 2810 cum
971 2748 1215 2810 vendat
1284 2747 1563 2809 aliena.“
1661 2745 1765 2808 Sic
1835 2760 2007 2806 nunc
2060 2743 2290 2804 editur.
2344 2742 2395 2803 V
2444 2743 2677 2804 tradit:
2728 2759 2803 2805 se

460 2872 780 2931 exercere,
836 2856 918 2916 D:
975 2872 1050 2917 se
1099 2855 1292 2916 exire.
1347 2854 1560 2927 Quam
1612 2853 1959 2914 lectionem
2015 2850 2375 2912 veteriores
2426 2851 2568 2912 sine
2621 2867 2802 2912 mora

459 2967 870 3042 receperunt,
970 2963 1372 3024 recentiores
1468 2962 1907 3022 mutaverunt.
2007 2959 2111 3020 Sic
2208 2957 2521 3036 l-lalmiuS,
2604 2975 2800 3036 quem

459 3070 756 3134 Clarcius
807 3071 1126 3150 sequitur,
1179 3070 1461 3132 correxit
1509 3085 1584 3130 se
1633 3083 1954 3142 exserere,
1991 3065 2313 3129 Cobetius
2343 3067 2387 3143 1)
2425 3065 2803 3142 suspicatur

456 3195 532 3240 se
581 3180 904 3256 expedire,
955 3177 1231 3240 Karolus
1285 3175 1543 3238 Busche
1567 3177 1614 3253 ²)
1666 3190 2038 3251 exsurgere.
2104 3172 2418 3251 Equidem
2470 3172 2802 3233 assentior

459 3284 530 3348 C.
570 3285 630 3348 F.
670 3286 768 3348 W.
808 3285 1144 3363 MuellerO,
1215 3285 1321 3362 qui
1375 3284 1466 3345 sic
1519 3281 1719 3343 edidit
1766 3281 2041 3357 „quise
2108 3295 2442 3356 emergere
2500 3293 2582 3338 ex
2649 3295 2799 3339 aere

457 3393 673 3455 alieno
703 3396 890 3470 putet
914 3395 1182 3470 posse“.
1236 3391 1396 3453 Nam
1434 3404 1767 3466 emergere
1801 3404 1883 3448 ex
1919 3388 1977 3447 in
2015 3386 2123 3448 tali
2162 3386 2494 3447 sententia
2529 3385 2800 3462 saepius

457 3502 824 3565 adhibetur.
877 3500 1037 3561 Vide
1092 3501 1400 3574 lnterrog.
1439 3499 1498 3558 in
1538 3497 1680 3559 Vat.
1734 3494 1771 3579 §l
1824 3496 1905 3557 23
1958 3495 2108 3572 „qui
2164 3494 2223 3553 in
2277 3511 2356 3555 eo
2408 3493 2799 3566 magistratu

458 3627 587 3671 non
662 3608 858 3670 modo
928 3607 1277 3670 emerseris
1323 3623 1406 3668 ex
1454 3604 1937 3667 mendicitate.“
2035 3599 2220 3663 Conf.
2274 3603 2617 3678 praeterea
2666 3599 2796 3660 Liv.

458 3715 519 3777 ll.
573 3717 702 3798 27¹3
753 3718 1000 3793 „totam
1054 3713 1311 3793 plebem
1362 3729 1514 3774 aere
1560 3711 1775 3772 alieno
1824 3709 2198 3771 demersam
2249 3708 2467 3768 esse.“

1291 3907 1512 3985 Orat.
1557 3906 1675 3982 ΧΙ.
1741 3910 1779 4002 ξ
1839 3904 1962 3980 27.

669 4075 937 4156 „ltaque
989 4075 1041 4136 si
1095 4075 1176 4136 ad
1228 4092 1350 4136 nos
1403 4074 1555 4135 nihil
1609 4073 1957 4136 referretur
2021 4076 2101 4137 de
2164 4077 2503 4141 Dolabella
2570 4097 2797 4158 perse-

455 4182 742 4260 quendo,
816 4186 1032 4244 tamen
1087 4199 1213 4256 ego
1266 4199 1382 4260 pro
1433 4180 1698 4244 decreto
1752 4185 2071 4260 putarem,
2148 4201 2292 4246 cum
2355 4190 2584 4248 essent
2634 4185 2800 4248 tales

669 4359 710 4427 ι)
739 4309 953 4413 finem.
982 4357 1073 4413 Vll
1118 4355 1282 4426 (Nov.
1328 4356 1471 4424 Ser.)
1512 4372 1640 4426 pag
1679 4356 1800 4413 223.

667 4445 710 4516 2)
752 4445 946 4502 Jahrb.
989 4447 1074 4502 fiir
1117 4445 1260 4501 Phil.
1309 4447 1442 4500 1899
1483 4462 1609 4516 pag.
1651 4446 1772 4500 573.
