3409 5184
1657 494 2096 554 -15—

699 687 875 752 libris
956 691 1275 769 „tenetun
1356 689 1409 751 si
1492 689 1551 750 in
1633 687 1916 750 Galliam
2003 685 2320 763 venerit“,·
2408 689 2634 749 contra
2685 688 3043 751 Vaticanus

700 797 967 859 exhibet
1011 796 1402 878 „tenebitzm
1452 786 1570 858 si'.
1626 845 1637 858 .
1692 845 1704 857 .
1763 793 2078 876 venerit‚“
2125 811 2320 873 quam
2372 795 2759 872 scripturam
2810 812 3043 857 omnes

701 904 988 966 editores
1038 921 1075 965 a
1126 903 1373 965 Faerno
1426 902 1925 980 Garatonioque
1976 918 2190 979 usque
2260 901 2341 963 ad
2414 905 2706 963 nostram
2758 904 3041 963 aetatem

700 1010 888 1073 unice
924 1027 1144 1071 veram
1181 1009 1614 1071 laudaverunt
1649 1011 1715 1070 et
1748 1012 2155 1086 receperunt.
2193 1007 2324 1070 Sed
2369 1025 2787 1086 quaeramuS,
2824 1025 3042 1069 nonne

699 1116 890 1179 lectio
941 1115 1129 1178 codd.
1183 1117 1234 1178 D
1287 1133 1415 1177 non
1488 1114 1683 1177 modo
1754 1115 1899 1177 ferri
1972 1117 2204 1194 possit,
2275 1115 2395 1178 sed
2464 1116 2657 1177 etiam
2727 1116 3041 1193 optimum

699 1241 971 1286 sensum
1008 1224 1342 1301 praebeat,
1372 1222 1480 1301 qui
1517 1222 1837 1297 gravitate
1873 1223 2220 1285 verborum
2256 1223 2513 1298 dignior
2547 1223 2649 1284 sit.
2685 1223 2947 1304 ⁷‚Wenn
2977 1223 3045 1282 in

699 1330 820 1391 der
857 1329 1283 1390 lateiniscnen
1327 1327 1687 1410 Sprache,“
1744 1329 1950 1407 inquit
1984 1329 2469 1408 Kuehnerus,1)
2515 1329 2686 1410 „das
2716 1329 3046 1392 Praesens

698 1455 784 1498 an
851 1435 1051 1499 Stelle
1120 1437 1240 1498 o'es
1307 1436 1548 1499 Futurs
1609 1436 1979 1515 geblaucht
2051 1436 2225 1518 wird,
2296 1454 2375 1498 so
2452 1437 2571 1498 nat
2639 1436 2780 1498 dies
2856 1437 3077 1520 einen·

689 1543 1025 1621 gewissen
1077 1541 1324 1624 Grund,
1376 1543 1596 1605 ino'em
1644 1544 1767 1605 der
1790 1543 2101 1605 Redeno'e
2149 1543 2271 1605 o'as
2302 1544 2473 1605 noch
2504 1544 2571 1604 in
2603 1543 2723 1604 der
2752 1542 3047 1604 Zukunft

697 1650 1020 1728 Liegeno'e
1068 1650 1407 1712 entweo'er
1446 1651 1511 1711 in
1559 1650 1679 1712 der
1720 1649 2205 1728 Lebnaftigkeit
2250 1650 2373 1712 o'er
2412 1650 2831 1727 Auffassung
2886 1649 3051 1712 oo'er

698 1759 764 1819 in
812 1757 932 1819 der
972 1757 1188 1819 festen
1243 1743 1722 1835 Uberzeugung
1769 1774 1897 1819 von
1953 1757 2104 1818 dem
2150 1757 2487 1819 Etntreten
2543 1757 2890 1818 desselben
2944 1755 3045 1817 als

699 1865 802 1926 ein
848 1863 1057 1925 scnon
1107 1861 1647 1941 Gegenwamges
1690 1862 2080 1924 anscnaut.“
2173 1862 2277 1925 Sic
2329 1863 2569 1925 iudicat
2617 1862 3040 1925 doctissimus

700 1971 813 2048 vir,
852 1987 1046 2048 quem
1099 1969 1811 2032 Riemannus-Goelzer
1836 1971 1884 2048 ²)
1934 1972 2307 2048 sequuntur
2355 1970 2651 2033 dicentes
2685 1969 3041 2052 „quelque-

696 2078 829 2140 fois
875 2094 957 2139 en
1008 2075 1181 2138 Grec
1224 2078 1291 2138 et
1351 2094 1432 2139 en
1500 2077 1706 2158 Latin,
1778 2078 1840 2139 la
1899 2077 2314 2154 proposition
2371 2076 2726 2154 ptinctpale
2791 2080 2896 2140 est
2955 2096 3042 2139 au

690 2185 967 2266 present
1012 2186 1078 2245 et
1132 2183 1195 2244 la
1252 2182 1708 2246 conditionelle
1763 2202 1851 2245 au
1904 2184 2100 2245 futur.
2196 2184 2297 2245 En
2354 2202 2427 2247 ce
2483 2202 2611 2265 cas,
2663 2183 2723 2246 le
2769 2186 3045 2261 present

697 2308 972 2369 masque
1020 2307 1145 2368 que
1190 2289 1250 2352 le
1295 2289 1419 2351 fait
1463 2291 1755 2367 exprime
1801 2290 1971 2352 o'ans
2015 2289 2077 2351 la
2115 2291 2531 2368 proposition
2553 2291 2909 2368 principale
2942 2294 3044 2354 est

701 2415 828 2459 une
876 2398 1327 2474 consequence
1373 2396 1751 2458 immediate
1796 2397 1887 2459 o'e
1940 2396 2003 2458 la
2052 2397 2467 2474 proposition
2524 2397 3042 2461 conditionelle.“

699 2504 886 2577 Quae
923 2503 1037 2564 viri
1090 2502 1428 2564 clarissimi
1482 2507 1957 2582 exposuerunt,
1996 2504 2224 2565 mirum
2278 2503 2338 2565 in
2376 2505 2640 2566 modum
2678 2504 3037 2582 scripturae

699 2610 886 2673 codd.
942 2611 993 2671 D
1045 2609 1508 2683 suffragantur.
1591 2610 1805 2688 Atque
1856 2628 2001 2672 cum
2053 2610 2487 2674 conferimus:
2540 2610 2821 2689 Plaut.3)
2874 2611 3035 2673 Rud.

699 2736 869 2780 vers.
924 2719 1048 2779 168
1101 2716 1369 2795 „salvae
1419 2718 1592 2797 sunt,
1631 2717 1683 2777 si
1739 2717 1881 2778 illos
1931 2718 2171 2779 fluctus
2205 2716 2685 2780 devitaverint“
2717 2717 2816 2779 vel
2854 2717 3035 2780 Poen.

699 2842 870 2887 vers,
923 2825 1039 2886 671
1102 2841 1260 2902 „rex
1311 2840 1478 2904 sum,
1552 2823 1604 2883 si
1657 2841 1783 2897 ego
1837 2823 2010 2884 illum
2062 2823 2255 2885 hodie
2327 2824 2407 2885 ad
2479 2841 2579 2886 me
2648 2822 3044 2896 adlexero;“

699 2931 800 2992 vel
852 2948 933 2992 ex
987 2931 1147 3008 ipsis
1199 2948 1288 2991 or.
1337 2929 1493 2991 Phil.
1533 2930 1657 2991 Xll.
1710 2931 1748 3009 ξ
1798 2930 1919 2992 25;
1964 2947 2331 3006 possumne
2385 2931 2576 3004 igitur
2625 2931 2789 2992 satis
2840 2931 3039 2992 videri

700 3041 956 3114 cautuS,
994 3037 1157 3098 satis
1208 3037 1543 3115 providus,
1581 3038 1634 3098 si
1686 3054 1790 3099 me
1841 3037 1989 3099 huic
2042 3038 2248 3099 itineri
2299 3040 2431 3099 tam
2485 3037 2721 3099 infesto
2773 3041 3040 3116 tamque

701 3142 1072 3222 periculoso
1123 3143 1558 3205 commisero“
1591 3161 1721 3205 non
1775 3161 2047 3222 prorsus
2098 3161 2135 3205 a
2185 3144 2456 3206 veritate
2507 3144 2810 3206 aberrare
2860 3145 3041 3206 vide-

700 3268 844 3313 mur
891 3253 1264 3313 statuentes
1316 3250 1484 3312 illam
1536 3250 1881 3312 lectionem
1933 3250 2121 3312 codd.
2160 3251 2211 3312 D
2262 3250 2580 3312 Cicerone
2631 3254 2889 3313 oratore
2939 3251 3038 3312 vel

591 3371 597 3378 ·
699 3358 1061 3433 digniorem
1115 3373 1286 3419 esse.

1544 3492 1766 3573 Orat.
1813 3495 1919 3572 lll.
1968 3501 2021 3616 ¹§
2082 3498 2203 3574 38.

779 3724 785 3732 .
913 3675 1209 3740 Clarcius
1245 3693 1328 3739 ex
1356 3677 1671 3739 Vaticano
1710 3678 1909 3740 edidit
1943 3679 2298 3757 „quodque
2335 3664 2734 3757 provinciam
2764 3677 3039 3740 Galliam

700 3782 1062 3847 citeriorem
1114 3785 1508 3862 optimorum
1559 3787 1625 3846 et
1671 3784 2176 3846 fortissimorum
2228 3785 2913 3862 amicissimorumque
2950 3784 3038 3845 rei

701 3891 997 3969 publicae
1047 3891 1282 3952 civium
1342 3891 1835 3968 exercitumque
1888 3891 1949 3951 in
2001 3895 2277 3954 senatus
2330 3895 2660 3970 potestate
2698 3892 3038 3954 retineat.“

915 4013 1122 4077 Codd.
1163 4016 1214 4076 D
1265 4015 1570 4078 exibent:
1617 4015 2013 4092 optimorum
2055 4016 2343 4078 virorum
2392 4019 2457 4077 et
2503 4014 3036 4077 fortissimorum:

700 4140 771 4200 c;
824 4122 1218 4201 optimorum
1270 4126 1334 4185 et
1382 4122 1886 4184 fortissimorum
1942 4123 2279 4184 Virorum:
2324 4123 2433 4183 lnt.

918 4297 960 4364 ¹)
1002 4295 1125 4351 Lat.
1167 4294 1263 4352 Gr.
1308 4293 1368 4350 ll.
1411 4310 1539 4364 pag.
1579 4295 1663 4350 90.

913 4385 957 4455 2)
1000 4384 1096 4441 Gr.
1139 4383 1343 4453 Comp.
1385 4382 1460 4438 du
1502 4383 1650 4440 Grec
1693 4386 1751 4439 et
1790 4382 1913 4439 Lat.
1954 4383 2075 4440 Vol.
2120 4383 2180 4440 ll.
2223 4399 2349 4453 pag.
2390 4385 2493 4440 256
2534 4387 2649 4440 not.
2693 4383 2753 4439 ll.

913 4473 957 4543 ⁸)
999 4472 1084 4527 ed.
1128 4471 1261 4528 Leo,
