3409 5184
1473 485 2020 574 ·—1'3.—-¹

524 709 745 768 tamen
777 698 913 768 ‘non
954 723 1248 786 possem,
1286 711 1357 769 ut
1408 725 1808 786 quemquam
1845 712 2173 770 mortuum
2210 707 2677 784 coniungerem
2713 726 2859 774 cum

523 813 795 874 deorum
867 813 1303 875 inmortalium
1374 814 1754 888 religione.“
1849 814 2060 887 Quem
2121 815 2334 878 locum
2384 817 2438 877 si
2490 818 2859 880 accuratius

526 918 916 996 inspexeris,
999 918 1149 979 mihi
1202 919 1532 981 concedes
1585 920 1704 981 illis
1756 921 1973 982 verbis
2022 923 2187 983 nihil
2226 923 2369 984 dico
2419 924 2712 986 cuicum
2764 926 2859 987 eis

523 1025 764 1085 Brutus
807 1025 1064 1102 parmae
1117 1025 1432 1088 liberator
1485 1031 1879 1107 opponatur,
1961 1047 2027 1091 re
2088 1047 2242 1091 vera
2301 1047 2430 1091 non
2485 1029 2859 1108 Caesarem,

522 1132 640 1192 sed
692 1133 1044 1209 tyrannum
1093 1133 1460 1206 significari.
1543 1134 1739 1207 Quod
1790 1140 2009 1197 autem
2062 1136 2292 1198 Cicero
2344 1154 2423 1198 eo
2475 1136 2618 1199 loco
2670 1139 2857 1216 quasi
2900 1163 2907 1172 ’

520 1239 711 1299 tectis
762 1239 978 1301 verbis
1042 1240 1298 1318 indicat,
1371 1241 1493 1303 hoc
1562 1241 1704 1303 loco
1774 1251 1992 1303 c‘oram
2063 1241 2369 1304 omnibus
2442 1241 2640 1305 libere
2709 1243 2862 1306 dicit

521 1347 719 1422 atque
757 1344 1116 1421 profitetur.
1171 1345 1375 1406 Etiam
1412 1346 1586 1407 aliud
1622 1348 2023 1409 monuerim!
2062 1347 2461 1427 Exspectare
2499 1367 2859 1427 possumus

522 1455 720 1529 atque
773 1452 1095 1514 debemus
1147 1452 1554 1532 Ciceronem,
1629 1457 1700 1515 ut
1761 1455 1819 1515 in
1873 1456 2090 1517 verbis
2164 1456 2363 1519 robur
2433 1460 2498 1518 et
2568 1457 2859 1531 gravitas

523 1558 691 1635 insit,
730 1575 767 1619 a
817 1558 1064 1619 minore
1116 1558 1196 1618 ad
1247 1559 1458 1620 maius
1509 1560 1833 1636 progredi.
1881 1561 2075 1634 Quod
2126 1563 2317 1625 nobis
2369 1564 2858 1641 postulantibus

521 1667 585 1725 et
633 1665 1176 1743 exspectantibus
1228 1667 1550 1744 scriptura
1599 1667 1891 1730 Vaticani
1944 1670 2203 1732 minime
2256 1671 2419 1732 satis
2478 1670 2648 1749 facit,
2712 1688 2858 1733 cum

522 1789 760 1832 nomen
814 1771 1123 1833 Caesaris
1174 1774 1541 1835 antecedat.
1648 1773 1835 1846 Quae
1887 1792 2033 1836 cum
2086 1775 2172 1836 ita
2221 1776 2351 1837 sint
2399 1777 2665 1853 tyranni
2706 1795 2859 1852 vera
2922 1833 2929 1844 ,
3001 1860 3007 1867 .

521 1878 710 1940 lectio
763 1882 883 1956 est,
948 1877 1256 1941 Caesaris
1289 1883 1392 1940 est
1425 1880 1652 1953 glossa
1686 1881 1769 1941 ad
1806 1881 2071 1958 tyranni
2098 1898 2135 1942 a
2170 1882 2456 1960 quodam
2508 1882 2858 1961 interprete

520 1986 795 2047 adiecta.

740 2111 801 2172 ln
885 2113 1116 2173 eadem
1199 2114 1612 2191 paragrapho
1693 2114 1897 2175 altera
1964 2113 2311 2176 difficultas
2380 2118 2619 2177 exstat.
2716 2114 2856 2192 „An

520 2219 1039 2296 supplicationes
1120 2220 1424 2282 addendo
1490 2221 1660 2283 diem
1730 2219 2155 2283 contaminari
2226 2239 2471 2298 passus
2552 2238 2645 2300 eS,
2715 2221 2857 2299 pul-

520 2326 768 2387 vinaria
817 2327 1257 2388 contaminari
1297 2326 1560 2388 noluisti
1586 2328 1662 2388 ?“

734 2451 1023 2512 Alterum
1061 2453 1500 2514 contamman'
1526 2471 1562 2514 a
1599 2454 1650 2514 D
1687 2453 2040 2520 omittitur„
2074 2452 2367 2513 l-lalmius
2404 2455 2470 2514 et
2503 2452 2857 2515 Muellerus

520 2574 749 2618 vocem
803 2558 1139 2634 recipiunt,
1237 2557 1533 2623 Clarcius
1604 2559 1840 2637 aliique
1893 2559 2325 2621 veterioribus
2385 2559 2857 2636 praeeuntibus

520 2663 866 2724 delendam
937 2681 1090 2724 esse
1168 2667 1443 2725 censent
1515 2665 1661 2726 inde
1734 2664 1982 2726 scilicet
2052 2666 2449 2727 sententiam
2522 2682 2857 2727 commen-

520 2771 776 2847 danteS,
874 2771 1051 2848 quod
1148 2771 1444 2831 eiusdem
1540 2771 1719 2832 verbi
1835 2771 2135 2848 repetitio
2241 2771 2299 2831 in
2406 2771 2621 2848 spatio
2724 2774 2856 2832 tam

520 2877 762 2951 exiguo
813 2895 1010 2938 aures
1062 2876 1366 2939 offendat.
1421 2877 1607 2950 Quae
1659 2878 1711 2937 si
1767 2893 1897 2937 una
1947 2879 2050 2937 est
2098 2892 2321 2953 causa,
2374 2893 2487 2937 cur
2535 2876 2648 2936 viri
2700 2875 2857 2937 doc-

516 2983 747 3043 tissimi
802 3000 1028 3044 vocem
1080 2982 1361 3060 deleant,
1399 2984 1702 3061 equidem
1755 2983 1942 3061 sequi
1995 3000 2124 3044 non
2176 3000 2471 3061 possum,
2509 3000 2654 3044 cum
2689 2983 2857 3044 tales

517 3089 865 3149 verborum
918 3089 1296 3150 iterationes
1349 3090 1543 3150 etiam
1593 3093 1752 3167 tum,
1817 3107 1962 3151 cum
2014 3089 2244 3151 Cicero
2297 3106 2425 3150 non
2479 3107 2657 3150 more
2709 3107 2857 3151 ora—

516 3196 683 3256 torio
733 3196 903 3273 dicit,
943 3196 1000 3255 in
1055 3196 1462 3258 orationibus
1513 3196 1788 3274 aliisque
1841 3197 2100 3274 scriptis
2152 3197 2582 3258 inveniantur.
2648 3196 2856 3258 Cuius

517 3287 688 3363 modi
741 3303 1044 3380 exempla
1094 3307 1158 3364 et
1207 3302 1278 3366 C.
1318 3303 1379 3364 Ρ.
1418 3303 1523 3364 W.
1555 3303 1911 3364 Muellerus
1962 3305 2027 3364 et
2061 3302 2489 3376 Landgrafius
2536 3303 2856 3380 permulta

517 3408 796 3483 collegit.
838 3412 882 3488 ¹)
979 3409 1166 3482 Quae
1218 3428 1363 3472 cum
1417 3410 1502 3471 ita
1552 3410 1700 3487 sint,
1782 3408 1955 3470 aliud
2015 3424 2161 3468 mea
2210 3409 2539 3470 sententia
2589 3408 2671 3470 ad
2722 3426 2855 3470 rem

516 3515 994 3577 diiudicandam
1047 3519 1448 3578 momentum
1499 3514 1750 3576 adferre
1802 3515 2017 3593 debet,
2088 3515 2231 3576 dico
2303 3533 2515 3590 genus
2565 3515 2753 3578 codd.
2804 3517 2855 3577 D

515 3621 696 3683 Talia
747 3623 915 3682 enim
967 3622 1183 3683 delere
1236 3639 1364 3683 non
1418 3624 1520 3682 est
1570 3621 1809 3696 ingenii
1861 3621 2055 3684 huius
2116 3621 2393 3685 familiae
2430 3623 2854 3702 librariorum,

517 3729 731 3806 immo,
815 3746 959 3791 cum
1042 3729 1241 3791 libros
1276 3721 1283 3729 ’
1323 3731 1692 3791 accuratius
1777 3730 2165 3816 inspexeriS,
2259 3747 2630 3806 cognosces
2712 3730 2855 3792 illos

515 3835 810 3895 librarios
861 3835 1136 3896 libenter
1185 3835 1426 3913 aliquid
1478 3836 1834 3914 addidisse,
1871 3839 1943 3898 ut
1992 3817 2270 3898 oratoris
2316 3839 2517 3900 verba
2568 3837 2855 3915 explica-

516 3947 676 4004 rent.
752 3943 934 4004 Talia
984 3943 1288 4020 exempla
1339 3943 1398 4003 in
1452 3945 1624 4005 omni
1674 3943 1807 4005 fere
1859 3945 2157 4005 oratione
2210 3944 2527 4022 invenies,
2580 3947 2650 4006 ut
2700 3944 2851 4005 mihi

515 4050 842 4111 concedas
903 4051 1341 4112 verisimilius
1423 4069 1576 4113 esse
1653 4052 1712 4112 in
1787 4051 2101 4113 Vaticano
2174 4050 2512 4124 glossema
2585 4053 2853 4112 exstare

513 4173 707 4234 quam
762 4156 821 4216 in
875 4157 926 4216 D
978 4173 1206 4217 vocem
1267 4157 1405 4217 sive
1467 4173 1626 4218 casu
1696 4157 2105 4218 intercidisse
2179 4157 2318 4218 sive
2393 4157 2472 4218 de
2545 4155 2853 4217 consulto

512 4261 794 4322 deletam
847 4278 1017 4322 esse.

727 4490 768 4559 l)
810 4490 896 4544 Ad
937 4494 1076 4546 orat.
1119 4507 1194 4560 pr.
1237 4489 1374 4546 Sex.
1419 4491 1588 4546 Rosc.
1631 4491 1757 4546 Am.
1797 4491 1831 4562 ξ
1870 4493 1954 4547 99.
