3409 5184
1548 468 1985 529 -30—

810 664 891 726 V:
954 680 1088 727 una
1160 665 1220 726 in
1296 663 1400 727 illa
1472 681 1538 726 re
1612 663 1952 726 servitutis
2025 663 2227 726 oblita
2297 664 2526 726 civitas
2599 665 2933 743 ingemuit,

595 771 1168 850 servientibusque
1213 771 1470 854 animis,
1523 788 1671 833 cum
1723 771 1945 832 omnia
1989 772 2175 833 metu
2220 772 2613 854 tenerentur,
2650 772 2934 847 gemitus

594 882 814 941 tamen
869 878 1093 957 populi
1147 877 1418 940 Romani
1472 877 1632 939 liber
1679 876 1816 938 fuit.

812 1002 902 1063 D:
972 1018 1104 1064 una
1172 1001 1230 1063 in
1307 1000 1411 1062 illa
1488 1018 1553 1063 re
1626 1000 1966 1062 servitutis
2039 1000 2239 1063 oblita
2316 1001 2548 1064 civitas
2622 1002 2938 1076 ingemuit

595 1107 1167 1185 servientibusque
1198 1106 1439 1169 animis
1469 1107 1756 1181 gemitus
1791 1105 2264 1186 tamen‘populi
2296 1107 2567 1170 Romani
2605 1108 2765 1170 liber
2796 1107 2932 1170 fuit.

810 1216 1225 1293 Quamquam
1246 1214 1540 1276 Halmius
1565 1216 1629 1276 et
1645 1213 2114 1276 Laubmannus
2138 1213 2483 1276 lectionem
2501 1213 2794 1277 Vaticani
2819 1214 2935 1276 de-

595 1326 861 1389 fendere
898 1326 1238 1402 conantur,
1263 1325 1484 1384 tamen
1522 1339 1641 1384 eos
1677 1339 1823 1383 mea
1860 1321 2122 1400 quidem
2160 1322 2490 1384 sententia
2518 1321 2936 1384 Eberhardus.

599 1431 841 1510 optime
879 1429 1211 1503 redarguit
1234 1431 1279 1507 ¹)
1304 1426 1922 1509 „servientibusque
1945 1427 2186 1490 animis
2212 1428 2294 1489 ist
2320 1427 2741 1490 unmittelbar
2768 1428 2935 1491 nach
3001 1477 3004 1480 .

599 1537 1023 1618 ‚‚servitutis“
1060 1534 1298 1597 hochst
1346 1533 1636 1608 auffallig
1659 1554 1672 1610 ;
1711 1533 1878 1596 auch
1913 1550 2137 1596 waren
2175 1534 2277 1596 die
2317 1534 2570 1596 l-lerzen
2609 1535 2786 1598 nicht
2819 1553 2935 1610 ge-

604 1643 940 1720 knechtet,
1001 1641 1126 1703 wie
1173 1642 1240 1720 ja
1289 1640 1406 1702 der
1454 1639 1829 1718 ‚‚gemitus“
1879 1640 2074 1717 zeigt,
2148 1641 2437 1702 sondern
2489 1641 2591 1704 die
2644 1642 2935 1716 Unmog-

599 1750 866 1813 lichkeit
913 1766 996 1810 zu
1047 1747 1330 1809 handeln
1379 1746 1615 1809 lastete
1651 1733 1763 1809 auf
1797 1746 2061 1808 ihnen.“
2099 1747 2201 1809 llle
2239 1748 2433 1822 igitur
2464 1748 2936 1811 servientibus—

599 1873 726 1936 que
801 1855 1041 1917 animis
1117 1854 1303 1917 uncis
1385 1852 1670 1930 includit,
1768 1852 1868 1914 alii
1951 1853 2077 1915 alia
2154 1855 2596 1917 coniecerunt.
2628 1855 2676 1934 2)
2772 1856 2935 1929 Quis

601 1965 1025 2042 interpretum
1077 1961 1251 2022 recte
1301 1959 1514 2036 faciat,
1585 1959 1847 2034 longius
1899 1976 2029 2021 non
2082 1977 2471 2039 persequar:
2568 1962 2741 2024 aliud
2791 1980 2937 2025 mea

600 2071 891 2131 interest.
969 2067 1304 2140 Quantum
1357 2065 1526 2128 enim
1577 2065 1770 2127 video
1822 2082 2055 2128 omnes
2105 2066 2465 2129 defendunt
2520 2085 2670 2129 cum
2718 2069 2939 2131 omnia

596 2179 782 2240 metu
827 2176 1210 2238 tenerentur
1248 2173 1570 2236 Senecam
1621 2171 1949 2234 rhetorem
1998 2176 2237 2235 testem
2288 2173 2681 2254 adferenteS‚
2763 2174 2937 2253 apud

601 2302 795 2367 quem
864 2283 1142 2358 legimus
1179 2281 1228 2360 ⁸)
1300 2281 1608 2358 quamvis
1668 2281 1890 2341 omnia
1953 2283 2138 2342 metu
2201 2283 2592 2344 tenerentur.
2691 2281 2937 2344 Contra

600 2394 777 2474 quod
814 2391 967 2453 nihil
1005 2388 1309 2468 equidem
1345 2387 1510 2449 dico.
1564 2387 1695 2449 Sed
1747 2404 1941 2449 nemo
1991 2387 2333 2450 adfirmare
2386 2391 2607 2468 potest
2655 2388 2938 2450 eundem

601 2503 923 2566 Senecam
974 2501 1125 2560 ante
1176 2495 1407 2558 oculos
1467 2494 1786 2556 habuisse
1853 2494 2425 2572 servientibusque
2489 2495 2745 2557 animis.
2845 2496 2937 2557 De

601 2626 730 2688 qua
782 2625 847 2669 re
899 2605 999 2668 vel
1050 2603 1331 2665 maxime
1382 2602 1630 2664 dubito.
1728 2601 1887 2664 Nam
1938 2602 2116 2680 quod
2167 2602 2354 2664 codd.
2408 2602 2459 2662 D
2510 2619 2658 2664 cum
2717 2602 2939 2664 omnia

600 2717 782 2777 metu
831 2712 1216 2774 tenerentur
1256 2709 1584 2786 omittunt,
1655 2708 1891 2770 lacuna
1941 2709 2166 2771 nescio
2217 2709 2316 2770 cui
2369 2709 2548 2771 casui
2594 2707 2940 2770 tribuenda

602 2839 731 2884 non
784 2823 906 2883 est.
959 2817 1147 2879 Aliud
1199 2815 1614 2878 verisimilius
1665 2820 1788 2894 est,
1869 2833 2104 2894 nempe
2156 2816 2581 2897 archetypum
2632 2817 2938 2879 librorum

599 2927 941 2991 Ciceronis
990 2925 1158 2987 duas
1209 2924 1527 2986 lectiones
1577 2923 1949 3002 tradidisse,
2002 2940 2278 3002 quarum
2331 2925 2382 2985 D
2433 2924 2724 3003 alteram,
2761 2923 2940 2986 Vati-

602 3051 808 3097 canus
858 3033 1089 3095 ambas
1140 3031 1476 3110 receperit.

816 3159 943 3220 lam
995 3157 1338 3220 videamus
1388 3155 1513 3217 alia
1563 3155 1903 3232 exempla!
2002 3154 2169 3217 Cum
2230 3158 2391 3217 orat.
2445 3155 2482 3217 l.
2534 3157 2572 3235 ξ
2648 3157 2729 3216 10
2802 3155 2939 3217 libri

603 3269 690 3330 ita
741 3267 905 3328 inter
953 3282 1026 3326 se
1079 3264 1471 3340 discrepent,
1523 3265 1594 3324 ut
1644 3263 1693 3323 V
1745 3261 1959 3323 tradat
1995 3261 2244 3339 „multa
2292 3265 2512 3324 autem
2565 3260 2938 3339 impendere

607 3373 972 3455 videntur,“
1021 3372 1072 3432 D
1124 3370 1437 3432 exhibeat
1503 3368 1755 3447 ,‚,multa
1804 3371 2024 3430 autem
2078 3368 2454 3445 impendere
2511 3366 2945 3430 videbantur“

604 3497 967 3562 possumus
1048 3478 1215 3541 hanc
1295 3476 1804 3554 discrepantiam
1867 3473 2215 3538 c0rrectori
2269 3476 2457 3538 codd.
2511 3477 2562 3537 D
2632 3476 2940 3538 tribuere.

604 3589 735 3653 Sed
786 3605 931 3650 cum
984 3585 1254 3648 Servius
1312 3581 1705 3646 videbantur
1747 3586 2047 3661 testetur,
2101 3584 2448 3646 lectionem
2487 3583 2673 3645 codd.
2713 3583 2764 3643 D
2811 3600 2939 3645 non

603 3695 1033 3757 recentiorem
1087 3709 1238 3753 esse
1290 3707 1486 3769 quam
1524 3689 1818 3751 Vaticani
1870 3688 2021 3750 mihi
2074 3689 2337 3767 quidem
2388 3692 2667 3750 constat.

815 3799 992 3862 Orat.
1032 3799 1094 3860 ll.
1131 3800 1169 3878 ξ
1207 3799 1307 3860 77.
1345 3798 1424 3859 V:
1479 3795 1822 3859 confestim
1859 3795 1941 3857 ad
1977 3812 2142 3874 eam,
2180 3796 2367 3858 cuius
2413 3812 2616 3857 causa
2651 3799 2940 3858 venerat.

818 3909 904 3969 D:
958 3905 1301 3980 confestim
1353 3904 1433 3966 ad
1485 3919 1628 3965 eam
1698 3901 2061 3977 deducitur,
2130 3902 2316 3964 cuius
2387 3918 2591 3963 causa
2651 3905 2940 3963 venerat.

816 4013 998 4077 Geli:
1050 4011 1394 4075 confestim
1445 4010 1525 4072 ad
1578 4026 1744 4087 eam,
1782 4008 1969 4070 cuius
2020 4025 2224 4070 causa
2259 4012 2549 4086 venerat,
2587 4007 2938 4070 deducitur.

819 4201 834 4235 1

817 4200 863 4358 ²3
904 4197 1458 4357 Ξῖτιῖἑὲηὲἶῗιςὲῗιθ
1486 4284 1755 4342 cunctis:
1780 4283 2020 4355 Campe.
2051 4281 2605 4353 servientibusque
2631 4278 2946 4336 manibus:

605 4378 779 4434 Koch.
858 4375 1409 4445 servientibusque
1465 4372 1711 4430 amicis:
1748 4374 2032 4428 l-lammer.
2111 4369 2643 4441 Stupentibusque
2694 4367 2947 4425 animis.-

605 4467 768 4524 Nohl.
845 4466 892 4536 ³)
935 4464 1117 4522 Suas:
1159 4465 1191 4520 1.
1232 4462 1349 4520 Vll.
1389 4465 1438 4518 2.
1480 4462 1567 4518 ed.
1613 4461 1868 4518 Mueller.
1921 4512 1926 4517 .
