3409 5184
1535 445 1972 506 „68—

578 640 773 714 Quod
827 658 978 703 num
1017 656 1134 719 per
1167 642 1373 702 artem
1410 639 1903 714 grammaticam
1941 638 2151 716 liceat,
2189 636 2440 700 dubito.
2496 635 2922 699 lnserendum

577 752 680 810 est
730 748 905 811 haud
958 748 1154 810 dubie
1209 748 1321 825 eis,
1359 746 1536 825 quod
1573 749 1727 808 ante
1764 762 1799 808 e
1832 762 1901 806 re
1924 743 2190 823 pubh‘ca
2235 744 2420 807 facile
2474 743 2921 806 intercidebat.

1416 1044 1637 1123 Orat.
1686 1044 1797 1123 lV.
1862 1051 1899 1143 g
1966 1045 2085 1122 13.

795 1264 1026 1328 Cicero
1078 1263 1417 1342 populum,
1470 1266 1542 1324 ut
1591 1262 1896 1325 virtutem
1949 1279 1986 1324 a
2034 1261 2394 1324 maioribus
2453 1261 2755 1323 traditam
2818 1278 2920 1324 re-

577 1373 804 1450 tineat,
876 1371 1269 1433 adhortatus
1343 1370 1556 1448 pergit
1627 1370 1686 1430 in
1754 1369 1928 1432 hunc
1979 1369 2245 1431 modum
2298 1384 2746 1447 „quamquam
2800 1368 2932 1430 alia·

576 1479 795 1541 omnia
843 1477 1010 1540 falsa
1061 1478 1305 1539 incerta
1355 1477 1486 1538 sint
1537 1477 1655 1554 (sic
1692 1477 1765 1548 V;
1819 1492 2224 1554 quamquam
2256 1473 2384 1536 alia
2419 1474 2643 1537 omnia
2678 1475 2927 1536 incerta

576 1586 767 1646 sunt:
810 1584 911 1665 D),
964 1583 1234 1661 caduca,
1305 1582 1590 1661 mobilia,
1660 1583 1868 1644 virtus
1939 1585 2043 1644 est
2100 1571 2241 1643 -una
2308 1580 2648 1642 altissimis
2708 1580 2923 1643 defixa

579 1691 929 1768 radicibuS,
967 1707 1138 1768 quae
1191 1707 1529 1768 nunquam
1582 1691 1640 1750 vi
1693 1690 1823 1751 ulla
1874 1688 2247 1752 labefactari
2300 1692 2543 1766 potest,
2582 1705 2922 1767 nunquam

578 1797 912 1859 demoveri
965 1797 1176 1859 loco.“

797 1919 1224 1998 Quamquam
1301 1924 1682 1998 corruptum
1766 1937 1918 1981 esse
2000 1936 2174 1982 nunc
2256 1919 2381 1980 iam
2458 1920 2623 1980 inter
2691 1935 2923 1981 omnes

580 2032 886 2090 constare
924 2028 1200 2090 videtur.
1255 2027 1626 2100 Madvigius
1662 2026 1955 2108 Kaysero
2006 2030 2274 2088 auctore
2328 2029 2556 2089 contra
2594 2025 2922 2104 Ursinum,

578 2135 1013 2197 Garatonium
1076 2135 1240 2196 alios
1292 2151 1522 2196 vocem
1582 2137 1860 2211 resecat,
1924 2133 1990 2194 Ρ.
2040 2132 2110 2195 R.
2159 2133 2537 2210 MuelleruS,
2609 2136 2783 2195 certe
2855 2136 2924 2194 ut

577 2242 871 2304 Vaticani
925 2241 1383 2304 auctoritatem
1436 2245 1721 2318 tueatur,
1773 2240 2120 2318 coniecit1)
2171 2258 2330 2301 nam
2379 2256 2529 2301 cum
2575 2238 2702 2301 alia
2754 2290 2764 2300 .
2827 2289 2837 2300 .
2909 2290 2919 2300 .

578 2349 728 2424 sint,
799 2365 995 2426 quam
1069 2348 1500 2410 mutationem
1573 2347 1866 2408 Halmius
1937 2351 2002 2408 et
2071 2345 2143 2408 C.
2194 2347 2255 2408 Ρ.
2295 2347 2391 2408 W.
2441 2346 2797 2408 Muellerus
2860 2346 2919 2405 in

576 2459 830 2518 textum
867 2459 1276 2534 receperunt.
1331 2454 1580 2518 Contra
1617 2453 1915 2516 Clarcius
1952 2454 2353 2527 Madvigium
2389 2453 2690 2531 sequitur
2723 2456 2921 2531 atque

582 2563 643 2624 id
694 2563 942 2640 optimo
995 2562 1152 2624 iure.
1229 2562 1499 2623 Videtur
1548 2561 1718 2623 enim
1756 2578 2161 2638 quamquam
2195 2577 2278 2621 ex
2316 2560 2494 2621 initio
2531 2560 2921 2638 paragraphi

581 2669 708 2731 huc
747 2669 1116 2747 irrepsisse,
1142 2669 1379 2730 deinde
1418 2669 1721 2746 primaria
1756 2657 2121 2730 enuntiatio
2158 2667 2361 2729 multo
2398 2667 2607 2740 magis
2645 2667 2925 2745 quadrat

577 2777 657 2838 ad
709 2777 1104 2838 sententiam
1156 2775 1506 2838 artificiose
1557 2778 2023 2837 constructam.

796 2901 1081 2963 Maiores
1132 2899 1553 2963 difficultates
1604 2901 1663 2960 in
1716 2899 1843 2961 fine
1896 2903 2184 2961 exstant.
2239 2897 2329 2960 Ex
2382 2899 2525 2962 loco
2578 2900 2921 2977 proposito

582 3010 882 3071 videmus
943 3008 1002 3069 in
1055 3008 1371 3070 Vaticano
1443 3007 1628 3085 plura
1699 3007 1899 3069 verba
1970 3007 2191 3068 inesse
2261 3023 2457 3085 quam
2529 3006 2587 3067 in
2659 3007 2741 3084 D;
2812 3007 2920 3084 qui

580 3117 717 3178 libri
771 3116 1082 3177 omittunt
1130 3131 1364 3176 omnes
1413 3112 1601 3176 falsa.
1654 3113 1850 3187 Quod
1902 3114 2192 3175 editores
2230 3114 2501 3175 verbum
2555 3113 2613 3174 in
2665 3117 2920 3175 textum

579 3223 900 3300 recipiunt
951 3225 1178 3284 contra
1228 3220 1662 3284 Garatonium
1716 3220 2041 3282 dicentem
2089 3236 2349 3299 „neque
2402 3237 2559 3283 vero
2610 3220 2920 3296 intellig03

575 3347 930 3409 quemnam
983 3329 1197 3392 locum
1250 3346 1379 3390 vox
1430 3327 1602 3390 falsa
1648 3332 1876 3390 tenere
1930 3328 2163 3406 possit,
2201 3343 2397 3405 quam
2450 3332 2625 3390 recte
2678 3329 2919 3390 abesse

576 3439 889 3514 cense0,“
944 3436 1173 3514 probo,
1226 3453 1373 3497 cum
1426 3435 1657 3498 Cicero
1710 3435 1986 3496 libenter
2036 3437 2349 3512 quattuor
2399 3435 2691 3496 membra
2741 3452 2920 3497 com-

576 3547 797 3621 ponat.
837 3542 1052 3620 (Conf.
1091 3542 1346 3604 Orator.
1378 3544 1415 3623 ξ
1455 3545 1534 3604 10
1571 3544 1837 3620 „cetera
1872 3541 2075 3618 nasci,
2113 3541 2433 3619 occidere,
2470 3541 2695 3620 fluere,
2729 3543 2919 3604 labi.“

578 3654 742 3712 orat.
780 3667 872 3728 pr.
911 3650 1112 3729 Mil.§
1164 3650 1245 3710 42
1298 3648 1496 3727 „nihil
1550 3651 1653 3710 est
1701 3652 1835 3709 tam
1904 3648 2121 3725 molle,
2193 3651 2325 3710 tam
2396 3651 2717 3727 tenerum,
2786 3657 2919 3711 tam

580 3761 694 3819 aut
743 3757 968 3831 fragile
1022 3760 1136 3818 aut
1184 3755 1534 3818 flexibile.“
1611 3759 1772 3816 orat.
1827 3755 1983 3816 Phil.
2038 3756 2074 3818 l.
2127 3752 2165 3838 ξ
2216 3757 2297 3817 33
2349 3756 2593 3834 „metui
2648 3773 2803 3818 vero
2856 3760 2921 3818 et

578 3865 635 3925 in
689 3864 840 3926 odio
893 3881 1047 3926 esse
1101 3863 1516 3941 invidiosum,
1569 3863 1985 3940 detestabile,
2039 3862 2449 3940 imbecillum,
2502 3863 2918 3943 caducum.“)

575 3971 706 4033 Sed
778 3971 957 4050 quod
1019 3977 1142 4032 nos'
1212 3974 1504 4048 monent,
1576 3974 1646 4032 ut
1716 3970 1972 4044 legatur
2037 3969 2225 4050 falsa,
2295 3970 2545 4032 incerta
2613 3971 2917 4050 equidem

574 4078 918 4155 dissentio,
995 4078 1148 4157 quia
1217 4077 1683 4150 vix-intellegi
1760 4080 2003 4156 potest,
2074 4077 2229 4154 quid
2302 4074 2516 4139 falsus
2581 4076 2704 4139 hoc
2774 4078 2917 4140 loco

574 4188 769 4246 sonet
819 4184 918 4246 vel
971 4183 1315 4258 significet.
1421 4183 1544 4273 Qui
1599 4200 1844 4245 sensus
1896 4183 2330 4260 desideretur,
2403 4187 2583 4261 patet
2653 4200 2736 4245 ex
2805 4202 2913 4246 se-

790 4434 830 4503 ¹)
873 4432 1152 4500 philolog.
1199 4431 1286 4488 ΙΧ.
1330 4447 1458 4502 pag.
1499 4430 1620 4487 186.
