3409 5184
1522 484 1961 545 „70ss

569 681 917 760 pulsantur
975 682 1057 744 ab
1129 680 1543 756 ingressione
1611 674 1799 742 fori2“
1894 679 2060 740 Tum
2106 679 2365 755 dicitur,
2419 678 2661 757 quibus
2712 678 2913 740 rebus

569 787 804 850 hostes
857 788 1016 850 urbe
1057 787 1562 866 prohibeantur,
1614 786 1877 848 minime
1930 790 2171 864 autem,
2208 803 2339 864 qua
2391 802 2458 847 re
2510 785 2799 864 populus
2851 788 2916 846 et

572 894 1021 968 magistratus,
1075 894 1261 967 Quae
1314 909 1460 955 cum
1513 893 1601 954 ita
1650 892 1803 971 sint,
1840 896 1955 955 aut
2004 893 2195 955 deest
2230 892 2495 971 aliquid,
2532 895 2647 954 aut
2680 895 2917 969 super-

571 1017 934 1081 vacaneum
987 1003 1110 1062 est.
1209 999 1525 1078 Equidem
1576 983 1706 1062 hoc>
1753 998 2159 1061 crediderim.
2256 998 2415 1060 Nam
2468 1014 2612 1060 cum
2666 998 2915 1060 initium

570 1107 690 1169 loci
745 1107 1134 1185 respicimus
1186 1107 1323 1185 „sic
1376 1123 1531 1168 vero
1584 1109 1771 1167 erant
1819 1106 2145 1184 disposita
2188 1105 2539 1181 praesidia,
2600 1121 2917 1182 apparere

573 1213 831 1275 videtur
899 1212 1184 1276 castellis
1250 1216 1316 1274 et
1385 1212 1696 1289 operibus
1766 1212 2104 1274 abundare
2178 1216 2244 1273 et
2316 1211 2668 1274 delendum
2743 1228 2916 1273 esse.

570 1319 754 1383 Tunc
807 1320 998 1382 nobis
1051 1320 1547 1397 postulantibus
1598 1319 1859 1382 satisfit.

1427 1564 1648 1643 Orat.
1693 1566 1775 1642 V.
1841 1571 1879 1663 ξ
1945 1568 2063 1641 11.

788 1765 1021 1828 Cicero
1073 1765 1152 1828 de
1206 1765 1640 1844 dissipatione
1694 1765 2015 1843 pecuniae
2053 1765 2352 1842 publicae
2392 1764 2697 1843 loquitur.
2751 1763 2919 1825 Tum

573 1872 785 1952 pergit
834 1872 1035 1956 „quid
1089 1872 1168 1933 illi
1223 1873 1543 1935 immanes
1580 1876 1906 1951 quaestus
1940 1871 2301 1949 ferendine,
2340 1887 2510 1949 quos
2556 1871 2637 1933 M.
2678 1869 2931 1933 Antoni

573 1982 716 2042 tota
763 1980 1074 2042 exhausit
1116 1979 1361 2042 domus
1381 1981 1455 2040 Ρ“

787 2103 1027 2166 Vitium
1109 2105 1428 2166 orationis
1509 2108 1810 2183 apparet·
1858 2105 1917 2165 in
1993 2106 2136 2166 tota
2210 2103 2525 2166 exhausit
2592 2102 2847 2164 domus.
2877 2103 2921 2180 ¹)

517 2206 521 2210 ’
576 2211 825 2277 Ernesti
878 2212 1184 2291 sequenti
1236 2212 1407 2274 thesi
1479 2213 1543 2290 (ξ
1596 2213 1675 2273 12
1728 2215 1955 2289 „tanta
2024 2212 2303 2289 pecunia
2376 2228 2509 2273 una
2577 2211 2637 2271 in
2726 2210 2922 2271 domo

575 2323 965 2382 coacervata
1039 2321 1214 2398 est“)
1281 2319 1382 2381 vel
1453 2316 1775 2380 similibus
1827 2319 1987 2380 locis
2040 2321 2229 2396 (orat.
2285 2317 2345 2379 ll.
2400 2315 2436 2401 ξ
2492 2320 2560 2380 11
2624 2335 2801 2395 „una
2864 2317 2922 2376 in
2977 2299 2983 2302 ’

575 2427 772 2488 domo
844 2442 1080 2489 omnes
1145 2476 1155 2486 .
1211 2476 1222 2487 .
1279 2475 1289 2486 .
1354 2425 1982 2503 nundinabantur.“)
2044 2430 2416 2487 commotus
2467 2424 2747 2487 coniecit
2794 2440 2927 2484 una

575 2533 886 2595 exhausit
930 2532 1187 2594 domus.
1215 2533 1262 2610 2)
1317 2532 1609 2595 Klotzius
1662 2533 1938 2594 mutavit
1985 2531 2149 2610 sola,
2214 2531 2505 2593 Halmius
2556 2533 2800 2611 monet,
2854 2533 2926 2590 ut

577 2641 902 2702 scribatur
951 2642 1052 2701 tot
1098 2657 1246 2714 una,
1311 2639 1669 2701 Muellerus
1705 2639 1921 2702 locum
1960 2640 2152 2714 signo
2188 2638 2605 2715 corruptelae
2643 2640 2847 2713 notat,
2876 2635 2923 2712 3)

578 2747 877 2809 Clarcius
947 2746 1232 2824 denique
1304 2746 1630 2823 exemplis
1699 2748 1843 2824 (pro
1898 2745 2091 2808 Rosc.
2146 2746 2283 2806 Am.
2337 2746 2375 2824 ξ
2430 2747 2552 2806 118
2622 2744 2772 2822 „illa
2832 2745 2933 2805 tot

575 2853 889 2930 flagitia,“
928 2853 1008 2914 de
1046 2853 1218 2915 dom.
1259 2854 1295 2930 ξ
1335 2853 1415 2914 56
1454 2852 1603 2930 „illa
1640 2854 1743 2913 tot
1774 2853 2017 2920 milia“)
2056 2852 2296 2913 vulnus
2334 2851 2509 2914 hunc
2547 2852 2606 2912 in
2659 2851 2926 2912 modum

577 2978 816 3022 sanare
869 2964 1146 3022 conatur
1197 2960 1444 3037 „quidP
1499 2959 1577 3020 illi
1633 2962 1734 3021 tot
1782 2960 2100 3021 immanes
2170 2963 2496 3038 quaestus
2566 2958 2925 3034 ferendine,

578 3085 748 3145 quos
801 3068 880 3128 M.
935 3068 1171 3128 Antoni
1226 3067 1536 3128 exhausit
1579 3066 1911 3154 domus&

794 3192 926 3266 Ego
979 3195 1197 3253 autem
1253 3192 1561 3253 omnibus
1613 3192 1715 3253 his
1767 3192 2165 3254 coniecturis
2218 3191 2369 3253 nihil
2423 3209 2546 3253 nos
2608 3189 2925 3268 proficere

585 3298 990 3376 crediderim,
1066 3316 1211 3361 cum
1265 3315 1394 3359 non
1449 3299 1662 3360 solum
1717 3299 1857 3360 tota
1909 3298 2151 3360 domus
2188 3302 2575 3375 ‘corruptum
2628 3297 2732 3374 sit,
2807 3296 2924 3358 sed

581 3406 776 3467 etiam
830 3405 1141 3466 exhausit
1188 3405 1338 3466 mihi
1393 3405 1658 3483 quidem
1741 3405 2190 3483 interpretanti
2266 3405 2696 3480 gravissimas
2762 3402 2925 3465 diffi-

580 3513 860 3575 cultates
912 3511 1183 3574 adferat.
1249 3513 1407 3573 Nam
1459 3513 1796 3591 quomodo
1850 3513 2139 3574 editores
2190 3529 2565 3574 sermonem
2610 3511 2931 3588 quaestus

581 3619 927 3680 exhaurire
962 3619 1530 3697 interpretantur?
1583 3619 1921 3692 Quantum
1961 3619 2151 3681 video
2182 3637 2420 3680 omnes
2471 3618 2926 3680 auctoritatem

583 3726 881 3806 Pluygeri
953 3731 1346 3804 sequuntur,
1419 3727 1526 3804 qui
1599 3727 1831 3804 dicit⁴)
1887 3730 2259 3803 „quaestus
2311 3725 2707 3787 exhaurire“
2760 3724 2928 3786 idern

581 3832 950 3906 significare
1003 3834 1180 3912 quod
1220 3835 1608 3910 „pecuniam
1661 3837 1948 3912 quaestu
2002 3837 2251 3910 partam
2304 3833 2696 3909 dissipare.“
2736 3831 2927 3908 ldern,

582 3957 726 4001 cum
781 3940 967 4001 locus
1017 3940 1096 4000 de
1158 3941 1593 4018 dissipatione
1665 3941 1984 4017 pecuniae
2055 3941 2178 4001 iam
2251 3957 2451 4017 supra
2524 3939 2928 4015 absolvatur,

798 4115 839 4177 ¹1
885 4113 1156 4170 Defendit
1197 4112 1634 4168 Wernsdorfius
1674 4113 1816 4182 „sed
1865 4117 1995 4168 tota
2036 4114 2211 4170 habet
2266 4114 2480 4169 bonum
2547 4127 2808 4181 sensum,
2867 4115 2929 4167 ut

583 4205 659 4260 sit
699 4203 730 4258 i.
773 4219 823 4273 q.
869 4203 1082 4258 domus
1117 4218 1235 4272 per
1272 4217 1483 4258 omnes
1516 4204 1792 4272 parte5.“

796 4293 840 4362 2)
882 4291 1035 4362 quod
1079 4292 1251 4348 etiam
1297 4291 1650 4348 Schuetzius
1689 4292 1921 4362 recepit.

796 4382 839 4449 ³)
883 4381 1006 4451 ipse
1049 4379 1103 4435 in
1147 4380 1275 4436 adn.
1320 4381 1437 4436 crit.
1484 4385 1610 4435 tam
1655 4383 1899 4436 vorax?

797 4472 841 4541 4)
888 4470 1102 4528 Mnem.
1151 4471 1283 4526 1862
1325 4469 1467 4541 (Vol.
1511 4465 1576 4526 X.
1621 4485 1750 4543 pag.
1792 4470 1899 4542 50.)
