3409 5184
1455 447 1899 511 ...53-

502 643 711 706 oratio
777 642 964 704 aliter
1027 642 1382 704 formatur:
1451 660 1568 721 pro
1620 643 2075 707 enuntiatione
2127 644 2524 707 secundaria
2576 647 2849 709 senten-

498 751 652 812 tiam
689 749 1058 828 primariam
1096 751 1318 810 orator
1351 748 1543 810 nobis
1593 749 1889 827 praebet.
1940 749 2091 811 Tria
2140 748 2340 812 huius
2390 752 2563 814 modi
2616 769 2847 815 exem-

501 857 607 935 pla
655 873 790 920 rem
842 859 1214 935 exponant:
1283 854 1482 918 Acad.
1554 856 1753 918 Prior.
1807 857 1848 918 ll
1900 858 1982 919 37
2044 874 2261 936 „nunc
2311 858 2392 920 de
2444 859 2849 922 adsensione

498 980 712 1042 pauca
759 963 1075 1041 dicemuS,
1124 979 1262 1024 non
1310 979 1443 1039 quo
1492 962 1680 1025 locus
1732 963 1835 1041 sit,
1888 962 2018 1027 sed
2054 964 2253 1042 paulo
2290 968 2443 1028 ante
2476 965 2651 1027 iacta
2693 967 2855 1027 sunt

496 1070 989 1132 fundamenta.“
1027 1071 1188 1132 orat.
1240 1068 1416 1132 Sest.
1467 1069 1505 1148 ξ
1556 1071 1628 1132 61
1690 1073 1919 1148 „actor
1967 1087 2182 1133 rerum
2234 1071 2485 1133 illarum
2535 1071 2675 1151 fuit,
2712 1089 2851 1134 non

499 1194 631 1254 quo
679 1175 1039 1255 periculum
1091 1191 1285 1238 suum
1339 1193 1468 1238 non
1520 1176 1794 1255 videret,
1868 1176 1996 1238 sed
2039 1177 2099 1238 in
2148 1181 2335 1240 tanta
2385 1179 2473 1241 rei
2544 1179 2846 1257 publicae

497 1285 896 1360 tempestate
967 1282 1120 1343 nihil
1194 1283 1315 1344 sibi
1391 1283 1514 1347 nisi
1583 1283 1663 1346 de
1735 1284 1984 1361 patriae
2054 1284 2359 1362 periculis
2424 1285 2846 1360 cogitandum

490 1387 836 1466 putabatf‘
889 1389 1019 1451 Liv.
1059 1390 1114 1451 X
1167 1390 1324 1473 4212
1361 1391 1488 1468 „ad
1525 1391 1754 1454 urbem
1794 1390 2079 1469 Scipioni
2117 1392 2363 1455 maiore
2400 1391 2730 1454 resistitur
2762 1393 2844 1472 vi,

495 1513 631 1559 non
681 1496 834 1573 quia
883 1496 1031 1574 plus
1082 1497 1276 1559 animi
1329 1497 1517 1558 victis
1569 1500 1692 1575 est,
1744 1496 1872 1559 sed
1897 1497 2133 1559 melius
2169 1499 2332 1560 muri
2369 1515 2567 1576 quam
2602 1498 2843 1569 vallum

497 1605 788 1664 armatos
837 1605 1128 1666 arcent.“

1351 1865 1572 1945 Orat.
1622 1867 1695 1944 ll.
1761 1873 1799 1966 ξ
1864 1865 1983 1947 50.

710 2084 1058 2168 AntoniuS,
1096 2087 1450 2162 postquam
1503 2087 1824 2162 quaestor
1869 2083 2083 2146 factus
2134 2088 2257 2162 est,
2294 2101 2418 2147 suo
2472 2085 2841 2148 iudicio-ad

494 2190 853 2254 Caesarem
927 2207 1000 2252 se
1072 2190 1365 2252 contulit.
1417 2191 1522 2268 „id
1591 2190 1761 2252 enim
1832 2206 2035 2252 unum
2110 2190 2170 2251 in
2238 2190 2430 2252 terris
2498 2193 2840 2271 egestatis,

493 2298 666 2360 aeris
745 2298 959 2376 alieni,
1043 2298 1374 2376 nequitiae
1457 2298 1728 2376 perditis
1798 2298 1970 2360 vitae
2041 2297 2405 2360 rationibus
2474 2297 2841 2375 perfugium

493 2404 807 2467 ducebas,
870 2405 953 2466 lbi
1005 2407 1068 2466 te
1120 2422 1266 2466 cum
1319 2407 1384 2467 et
1433 2405 1603 2467 illius
1653 2405 2112 2480 largitionibus
2164 2408 2228 2467 et
2274 2405 2406 2466 tuis
2442 2404 2687 2481 rapinis
2723 2422 2840 2466 ex-

492 2511 840 2589 plevisseS,
893 2511 944 2572 si
997 2511 1134 2589 hoc,
1173 2515 1276 2572 est
1326 2510 1584 2589 explete
1632 2511 1819 2588 quod
1858 2511 2086 2573 statim
2136 2508 2464 2586 effundas,
2515 2511 2837 2574 advolasti

493 2635 700 2694 egens
750 2618 833 2679 ad
881 2618 1350 2680 tribunatum.“

706 2742 1035 2804 Lacunam
1087 2743 1147 2804 in
1199 2743 1300 2804 his
1352 2743 1570 2805 verbis
1632 2746 2011 2805 statuerunt
2078 2741 2379 2821 permulti
2452 2742 2762 2804 editores,
2792 2744 2839 2821 1)

491 2848 622 2910 Sed
693 2847 1216 2910 Hirschfelderus
1242 2849 1291 2927 2)
1359 2849 1504 2911 loco
1574 2866 1656 2910 ex
1726 2865 1817 2910 or.
1871 2865 1987 2926 pro
2062 2847 2319 2920 Quinct.
2374 2849 2411 2928 ξ
2464 2849 2500 2909 7
2552 2847 2650 2926 „si
2714 2847 2837 2910 hoc

490 2958 594 3016 est
659 2954 1028 3030 defendere,
1097 2956 1434 3033 cupiditati
1504 2956 1775 3018 alterius
1844 2955 2341 3033 obtemperate“
2392 2955 2613 3034 allate,
2684 2971 2831 3017 curn

489 3061 697 3123 oratio
762 3060 1226 3123 infinitivorum
1297 3062 1640 3124 iteratione
1711 3061 2103 3136 languescat
2171 3077 2453 3139 cumque
2519 3061 2706 3124 facile
2755 3063 2840 3123 sit

487 3167 807 3245 suspicari
859 3167 966 3229 est
1019 3184 1102 3229 ex
1167 3169 1472 3246 sequenti
1549 3185 1631 3230 ex
1695 3171 2074 3246 corruptum
2143 3185 2297 3230 esse
2367 3169 2674 3247 proponit
2739 3169 2836 3246 „si

487 3273 611 3336 hoc
680 3272 984 3352 expleate
1049 3276 1228 3354 quod
1298 3277 1517 3355 statim
1588 3275 1929 3338 effundas:
1982 3293 2178 3337 wenn
2230 3293 2380 3338 man
2432 3276 2570 3338 sich
2634 3275 2836 3337 daran

487 3380 772 3454 sattigen
825 3380 1097 3460 konnte,
1133 3399 1278 3444 was
1331 3372 1477 3444 man
1530 3381 1739 3444 sofort
1788 3382 2037 3444 wieder
2086 3382 2665 3461 verschwendet,“
2701 3370 2853 3444 ele-³

486 3491 730 3570 gantur*
772 3487 1059 3566 quidem,
1096 3489 1217 3550 sed
1268 3505 1397 3550 non
1450 3492 1622 3566 apte.
1676 3488 1929 3549 Ernesti
1981 3488 2360 3550 coniectura
2410 3505 2559 3548 cum
2606 3486 2839 3549 statim

485 3592 797 3655 effundas
862 3595 1201 3657 lenissima
1267 3595 1532 3674 quidem
1603 3598 1706 3656 est
1778 3611 1994 3672 neque
2068 3594 2313 3657 desunt
2380 3594 2579 3656 huius
2658 3593 2834 3654 modi

485 3700 792 3778 exempla
864 3700 983 3778 (sic
1045 3718 1138 3779 pr.
1191 3701 1450 3774 Quinct.
1504 3702 1542 3780 ξ
1593 3703 1675 3763 63
1728 3717 1903 3779 „non
1979 3703 2084 3761 est
2155 3700 2331 3761 istud
2405 3699 2537 3777 pati
2613 3715 2835 3777 neque

483 3808 721 3870 iudicio
772 3806 1124 3869 defendere
1179 3824 1329 3868 cum
1376 3807 1689 3869 auxilium
1742 3823 1780 3868 a
1828 3806 2107 3868 tribunis
2177 3805 2418 3883 petas“
2475 3804 2577 3867 vel
2630 3805 2833 3883 Epist.

483 3914 564 3975 ad
615 3914 788 3977 Fam.
827 3914 904 3975 Xl
958 3915 1042 3995 82
1081 3914 1179 3992 „si
1233 3913 1334 3974 hic
1386 3912 1663 3974 dilectus
1716 3912 2153 3990 appellandus
2206 3914 2327 3990 est,
2366 3928 2515 3972 cum
2549 3911 2719 3974 ultro
2758 3928 2835 3973 se

696 4159 737 4227 1)
780 4158 1179 4214 lnseruerunt:
1221 4157 1472 4213 haurite
1524 4157 1613 4213 vel
1677 4157 2009 4214 devorare.-
2060 4155 2261 4212 Faern.
2321 4171 2573 4225 rapere:
2624 4154 2833 4212 Graev.

483 4244 842 4305 exhaurire:
877 4245 1231 4315 Heusinger;
1272 4244 1578 4302 Eberhard.
1608 4243 2204 4316 1’ngerere.·Schiitz;
2232 4242 2515 4302 sorbere.-
2554 4243 2622 4300 C.
2654 4243 2712 4300 F.
2742 4243 2833 4301 W.

484 4333 675 4390 Muell.
719 4331 1047 4391 devorare:
1086 4333 1276 4390 Halm.
1323 4332 1361 4388 ll
1407 4333 1564 4405 (post
1604 4331 1917 4403 effundas).

693 4423 738 4494 2)
777 4421 996 4480 Ztschr.
1036 4423 1072 4478 f.
1115 4421 1167 4478 d.
1210 4421 1402 4479 G.-W.
1445 4421 1574 4477 1871
1625 4436 1753 4492 pag.
1795 4421 1880 4477 41.
