3409 5184
1519 507 1958 569 ...22-

1418 751 1639 832 Orat.
1681 753 1765 831 V.
1828 759 1869 852 g
1927 754 2052 832 30.

781 969 1012 1033 Cicero
1062 968 1490 1032 vehementer
1537 987 1574 1031 a
1625 972 1956 1032 sententia
1992 969 2241 1049 Caleni,
2278 971 2386 1049 qui
2437 971 2520 1033 ad
2556 971 2907 1034 Antonium

567 1078 825 1152 legatos
875 1077 954 1140 de
1006 1092 1166 1155 pace
1217 1076 1573 1139 mittendos
1624 1081 1997 1157 censuerat,
2049 1077 2355 1140 dissentit
2403 1080 2602 1155 atque
2652 1076 2909 1152 legatos

568 1183 923 1246 mittendos
976 1199 1127 1245 esse
1180 1185 1380 1256 negat
1414 1184 1706 1261 „teretur
1750 1183 1999 1245 interea
2041 1186 2327 1261 tempus,
2364 1182 2511 1245 belli
2549 1187 2909 1262 apparatus

567 1290 1030 1365 refrigescent;
1126 1288 1300 1351 unde
1363 1292 1466 1351 est
1514 1288 1730 1351 adhuc
1780 1287 2020 1351 bellum
2071 1291 2349 1351 tractum
2400 1288 2520 1351 nisi
2573 1307 2655 1352 ex
2705 1294 2909 1353 retar-

567 1397 833 1460 datione
884 1400 949 1458 et
997 1412 1179 1457 mora
1202 1396 1278 1457 ?“

783 1538 970 1612 Quae
1051 1537 1390 1616 proposui,
1459 1537 1821 1599 Vaticanus
1892 1536 2126 1615 tradit;
2208 1536 2395 1599 codd.
2470 1538 2521 1598 D
2602 1538 2911 1600 omittunt

569 1661 800 1707 omnes
851 1646 1152 1707 tractum.
1248 1644 1498 1704 Tamen
1573 1643 1884 1720 editoreS,
1955 1646 2273 1721 quantum
2348 1643 2560 1721 video,
2629 1645 2914 1706 tractum

571 1751 630 1811 in
703 1752 957 1812 textum
1026 1750 1367 1828 recipiunt,
1443 1749 1595 1810 nihil
1665 1748 2067 1827 laborante8‚
2142 1749 2321 1828 quod
2394 1749 2519 1811 iam
2588 1749 2912 1812 Cobetius

568 1857 861 1920 Vaticani
922 1856 1272 1919 lectionem
1331 1856 1384 1918 si
1456 1873 1586 1918 non
1637 1856 2015 1935 absurdam,
2067 1858 2134 1917 at
2209 1859 2428 1917 tamen
2504 1859 2576 1918 ut
2652 1857 2912 1920 minime

569 1967 787 2042 aptam
868 1979 1084 2041 neque
1166 1963 1516 2041 quicquam
1597 1961 1747 2024 huic
1816 1962 1961 2025 loco
2030 1962 2529 2025 convenientem
2599 1964 2911 2042 reiecit.¹)

564 2069 739 2144 Quid
804 2069 975 2131 enim
1041 2067 1365 2142 significet
1433 2066 1674 2130 bellum
1743 2069 2001 2130 trahere
2078 2069 2259 2145 patet
2331 2069 2573 2146 optime
2659 2087 2741 2132 ex
2811 2070 2913 2132 his

570 2177 766 2238 locis:
819 2175 1017 2254 Epist.
1070 2175 1172 2237 ad.
1225 2175 1352 2236 Att.
1403 2174 1478 2236 Χ.
1533 2176 1618 2256 8,
1668 2191 1994 2253 „necesse
2046 2177 2149 2236 est
2199 2174 2368 2236 enim
2419 2179 2552 2254 aut,
2624 2177 2684 2238 id
2735 2178 2912 2255 quod

570 2282 850 2344 maxime
901 2281 1113 2361 velim,
1165 2280 1311 2360 pelli
1365 2281 1561 2343 istum
1611 2279 1693 2342 ab
1747 2279 2060 2357 Hispania
2095 2283 2209 2341 aut
2256 2281 2435 2342 trahi
2490 2282 2564 2343 1‘0'
2586 2281 2911 2359 bellum;“

571 2388 808 2451 ibidem
856 2389 954 2469 „si
1007 2388 1295 2450 trahitur
1333 2386 1595 2466 bellum,
1649 2385 1807 2466 quid
1859 2389 2243 2464 exspectem
2294 2391 2408 2449 aut
2456 2405 2652 2467 quam
2702 2389 2811 2451 diu
2835 2391 2912 2451 P“

571 2496 701 2558 Liv.
754 2496 826 2558 V.
881 2498 962 2557 10
1013 2514 1259 2574 „unum
1318 2493 1558 2558 bellum
1619 2510 1864 2556 annum
1927 2494 2050 2555 iam
2100 2492 2363 2555 tertium
2416 2495 2592 2556 trahi
2634 2499 2699 2557 et
2756 2513 2914 2559 con-

571 2603 747 2666 sulto
800 2603 966 2665 male
1017 2602 1172 2680 geri,
1224 2605 1296 2664 ut
1344 2601 1590 2663 diutius
1640 2601 1939 2675 gerant.“
1975 2598 2133 2662 Vell.
2187 2600 2323 2661 Pat.
2377 2601 2439 2663 ll.
2477 2601 2548 2664 C.
2590 2604 2691 2664 11.
2742 2605 2781 2683 ξ
2832 2605 2911 2666 22

571 2710 995 2789 „criminatus
1076 2707 1315 2770 Metelli
1391 2707 1837 2785 lenitudinem,
1918 2707 2241 2769 trahentis
2312 2707 2435 2769 iam
2520 2709 2580 2771 in
2650 2712 2912 2773 tertium

571 2833 815 2879 annum
863 2814 1172 2879 bellum.“
1253 2815 1466 2888 Quam
1518 2814 1602 2877 ob
1654 2831 1789 2876 rem
1841 2831 1988 2876 mea
2037 2813 2302 2892 quidem
2354 2816 2687 2878 sententia
2738 2821 2912 2880 recte

572 2922 892 2985 Cobetius
954 2923 1178 3000 posuit
1250 2925 1483 3000 „estne
1534 2924 1755 2983 autem
1806 2921 1970 2984 haec
2020 2921 2353 2983 sententia
2404 2922 2635 2984 insana
2685 2927 2750 2985 et
2798 2924 2914 2985 ab·

573 3030 774 3091 surda
823 3046 905 3091 an
958 3045 1087 3091 non
1140 3033 1243 3091 est
1264 3030 1341 3090 ?“
1392 3028 1585 3107 ldem,
1637 3031 1710 3090 ut
1758 3028 2001 3106 aliquid
2052 3029 2364 3103 singulari
2415 3029 2707 3092 Vaticani
2759 3048 2914 3093 auc-

572 3136 814 3198 toritati
864 3135 1127 3213 tribuat,
1202 3138 1411 3197 mutat
1479 3136 1739 3197 tantum
1808 3133 2068 3198 bellum.
2152 3136 2383 3210 Negari
2459 3136 2720 3215 quidem
2784 3154 2912 3200 non

577 3246 799 3322 potest
885 3241 1086 3304 verba
1163 3242 1422 3303 tantum
1498 3239 1741 3302 bellum
1821 3241 1881 3301 in
1963 3241 2065 3302 his
2148 3243 2558 3307 orationibus
2644 3244 2913 3322 saepius

574 3366 936 3426 occurrere,
962 3349 1012 3426 2)
1063 3347 1180 3409 sed
1231 3347 1374 3410 aliis
1424 3351 1622 3426 atque
1672 3348 2014 3411 simillimis
2060 3349 2220 3411 locis
2267 3349 2577 3428 adducor,
2616 3353 2687 3412 ut
2719 3351 2913 3413 talem

574 3473 802 3518 vocem
861 3456 942 3518 ad
991 3453 1231 3516 bellum
1280 3453 1650 3532 adpositam
1722 3453 2122 3532 superfluam
2193 3473 2344 3517 esse
2414 3456 2691 3519 credam.
2747 3458 2916 3520 Sunt

575 3567 794 3625 autem
863 3562 983 3623 loci
1053 3560 1156 3622 hi:
1229 3577 1320 3623 or.
1397 3560 1554 3622 Phil.
1607 3561 1694 3622 lll.
1781 3561 1818 3640 ξ
1879 3561 1915 3621 2
1990 3550 2212 3639 „quod
2282 3562 2334 3622 si
2404 3566 2518 3625 aut
2585 3563 2914 3628 Kalendae

575 3669 910 3731 lanuariae
960 3668 1244 3730 fuissent
1279 3686 1358 3730 eo
1394 3668 1519 3746 die,
1575 3685 1706 3746 quo
1744 3667 2019 3746 primum
2057 3685 2138 3730 ex
2176 3670 2334 3732 urbe
2370 3669 2532 3745 fugit
2567 3672 2913 3750 AntoniuS‚

575 3780 689 3838 aut
716 3793 834 3838 eae
864 3793 994 3837 non
1027 3779 1256 3839 essent
1284 3774 2147 3854 exspectatae,bellum1‘am
2171 3775 2422 3839 nullum
2455 3777 2914 3841 haberemus.“

576 3900 666 3944 or.
705 3883 863 3944 Phil.
900 3882 973 3944 V.
1009 3884 1048 3962 ξ
1084 3883 1165 3945 53
1211 3882 1588 3961 „celeritate
1640 3884 1860 3943 autem
1913 3899 2083 3960 opus
2135 3886 2273 3958 est;
2325 3900 2455 3961 qua
2505 3884 2557 3944 si
2610 3902 2915 3947 essemus

576 3989 698 4066 usi,
748 3987 1008 4067 bellum,
1079 3991 1150 4049 ut
1198 4005 1401 4066 saepe
1452 3987 1605 4065 dixi,
1674 3986 1926 4050 nullum
1973 3987 2435 4051 haberemus“
2531 3991 2719 4064 Quae
2770 4009 2913 4054 cum

578 4095 664 4157 ita
714 4095 864 4173 sint,
917 4112 1063 4156 mea
1098 4087 1362 4173 Quidem
1398 4094 1730 4156 sententia
1765 4095 2198 4158 resecandum
2237 4099 2340 4158 est
2375 4096 2528 4159 illud
2564 4099 2914 4160 molestum

583 4203 1160 4280 importunumque
1230 4202 1534 4279 tractum,
1617 4201 1698 4262 ab
1773 4218 1853 4263 eo
1927 4201 2186 4264 librario
2237 4203 2529 4265 Vaticani
2600 4205 2913 4267 additum.

580 4308 686 4386 qui
763 4325 1136 4370 sermonem
1203 4307 1380 4370 unde
1436 4309 1540 4369 est
1583 4305 1828 4369 bellum
1873 4306 2077 4370 fulcro
2145 4309 2435 4384 indigere
2496 4295 2913 4374 existimavit.

793 4499 837 4579 ι)
879 4498 1090 4560 Mnem.
1119 4498 1234 4558 vu.
1278 4498 1418 4558 Νον.
1461 4498 1579 4555 ser.
1622 4515 1749 4577 pag.
1791 4502 1908 4558 140.
1988 4501 2031 4576 2)
2073 4507 2211 4560 orat.
2244 4502 2385 4559 phil.
2416 4502 2487 4558 ln.
2517 4501 2551 4579 ς
2578 4503 2625 4558 3.
2655 4502 2778 4558 vui.
2806 4502 2841 4580 ς
2868 4503 2914 4560 7.
