3409 5184
1511 495 1947 556 -40-

648 709 725 754 ea
771 693 996 754 autem
1044 694 1148 754 est
1191 691 1398 766 gloria
1447 692 1515 753 et
1558 691 1742 753 laus:
1794 691 1810 752 l
1864 708 1923 752 n.

647 800 854 874 gloria
904 800 1009 861 est
1052 799 1238 861 laus:
1291 798 1513 860 lsidor.

650 907 710 968 in
762 923 902 969 rem
949 905 1283 985 publicam
1328 905 1510 967 fama
1557 905 1976 967 meritorum:
2029 921 2082 967 c.

649 1014 710 1075 in
761 1030 902 1077 rem
950 1013 1282 1091 publicam
1331 1013 1751 1074 meritorum:
1804 1011 1855 1072 V
1892 1012 1907 1072 l
1944 1029 1983 1072 n
2017 1015 2061 1074 t.

647 1121 707 1182 in
760 1137 828 1182 re
875 1119 1136 1199 publica
1180 1119 1363 1181 fama
1411 1119 1830 1181 meritorum:
1882 1118 2106 1180 lsidor.

772 1245 810 1324 ξ
859 1246 962 1307 33.
1061 1243 1178 1307 Cl:
1230 1260 1360 1305 non
1412 1260 1689 1322 possum
1742 1243 1975 1305 adduci
2027 1247 2097 1305 ut
2148 1244 2449 1322 suspicer
2495 1247 2559 1305 te
2620 1245 2899 1322 pecunia

560 1354 862 1430 captum:
916 1352 1165 1414 Nonius
1215 1368 1364 1430 pag.
1437 1350 1646 1432 25315
1698 1353 1854 1429 (383
1905 1351 1999 1430 L.)

648 1459 950 1535 suspicer
990 1460 1085 1521 te:
1133 1458 1185 1520 V
1222 1459 1304 1535 D;
1355 1457 1722 1535 suspicere:
1772 1457 1960 1520 codd.
2013 1457 2174 1520 Non.

1523 1757 1803 1837 Oratio
1865 1758 1938 1835 ll.

775 1977 813 2056 ξ
864 1977 921 2036 1.
1019 1973 1131 2037 Cl:
1182 1978 1245 2037 te
1297 1974 1493 2036 miror
1541 1974 1803 2052 Antoni,
1841 1991 2120 2052 quorum
2156 1973 2326 2036 facta
2361 1975 2630 2052 imitere,
2672 1992 2898 2037 eorum

563 2083 785 2145 exitus
856 2098 985 2142 non
1054 2081 1601 2159 perhorrescere:
1700 2080 2005 2143 Cassiod.
2059 2080 2191 2143 Lib.
2243 2080 2322 2142 de
2386 2080 2571 2142 Rhet.
2625 2098 2764 2159 cap.
2819 2083 2899 2143 13

559 2211 647 2234 21—-
699 2189 886 2250 Rhet.
941 2188 1076 2250 Lat.
1141 2187 1291 2249 Min.
1354 2205 1500 2266 pag.
1564 2187 1690 2249 499
1714 2207 1808 2269 26;
1879 2186 2186 2249 lsidoruS.
2240 2187 2461 2263 Origg.
2516 2188 2577 2250 ll.
2647 2190 2765 2271 912
2814 2209 2903 2232 Ξ

564 2296 752 2358 Rhet.
807 2295 942 2356 Lat.
994 2294 1145 2356 Min.
1199 2310 1346 2372 pag.
1400 2293 1586 2376 5128.

651 2419 931 2482 quorum
1011 2401 1188 2463 facta
1267 2401 1549 2463 imitere:
1621 2400 1672 2461 V
1711 2401 1799 2476 D;
1873 2418 2153 2479 quorum
2226 2400 2526 2478 exempla
2598 2402 2901 2464 imitaris.-

990 2506 1297 2570 Cassiod.
1352 2507 1574 2569 lsidor.

652 2616 870 2677 exitus
921 2632 1051 2677 non
1096 2614 1628 2691 perhorrescere:
1662 2615 1715 2676 V
1751 2615 1765 2676 l
1804 2632 1840 2675 n
1879 2632 1939 2690 c;
1978 2615 2197 2676 exitus
2246 2632 2374 2676 non
2405 2615 2902 2692 pertimescere.-

987 2725 1013 2783 t
1061 2721 1365 2785 Cassiod.
1419 2722 1638 2783 lsidor.
1675 2725 1720 2799 ¹)

776 2831 813 2909 ξ
864 2831 922 2891 2.
1019 2827 1137 2891 Cl:
1191 2829 1344 2907 quid
1396 2829 1675 2906 putem?
1728 2831 2263 2906 contemptumne
2315 2830 2477 2891 me?
2528 2847 2657 2890 non
2709 2830 2899 2892 video

564 2953 684 2999 nec
737 2937 797 2997 in
850 2937 983 2997 vita
1032 2952 1152 2998 nec
1204 2936 1263 2996 in
1317 2935 1527 3009 gratia
1598 2952 1718 2997 nec
1789 2935 1848 2996 in
1919 2936 2117 2998 rebus
2186 2936 2394 3011 gestis
2463 2953 2582 2998 nec
2652 2937 2713 2998 in
2781 2938 2900 2999 hac

564 3061 710 3105 mea
779 3043 1225 3105 mediocritate
1298 3042 1535 3120 ingeni,
1606 3042 1761 3121 quid
1835 3043 2176 3120 despicere
2251 3043 2464 3122 possit
2536 3044 2899 3106 Antonius:

567 3150 833 3224 Quintil.
860 3150 909 3230 2)
959 3151 1060 3212 Xl.
1116 3153 1171 3211 1.
1225 3149 1328 3212 25.

779 3273 896 3337 Cl:
948 3292 1029 3336 an
1081 3274 1419 3335 decertare
1495 3291 1751 3336 mecum
1820 3275 2024 3337 voluit
2095 3275 2518 3337 contentione
2592 3275 2901 3336 dicendi?

565 3381 689 3443 hoc
740 3381 1002 3459 quidem
1055 3384 1159 3442 est
1206 3379 1630 3457 beneficium;
1684 3382 1835 3459 quid
1888 3382 2058 3443 enim
2110 3381 2390 3460 pleniuS,
2428 3381 2582 3459 quid
2634 3381 2901 3443 uberius

567 3505 764 3566 quam
845 3487 995 3549 mihi
1093 3492 1158 3549 et
1251 3504 1367 3566 pro
1464 3505 1565 3550 me
1662 3492 1728 3550 et
1820 3491 2045 3551 contra
2140 3488 2493 3550 Antonium
2589 3488 2899 3550 dicereP:

571 3594 835 3668 Quintil.
887 3594 987 3656 ΧΙ.
1042 3596 1098 3656 1.
1153 3594 1255 3657 25.

656 3704 759 3763 est
816 3700 1243 3763 beneficium:
1296 3702 1476 3763 Vct
1544 3701 1763 3774 Quint.
1827 3702 1968 3763 cod.
2032 3701 2107 3778 133
2177 3701 2565 3763 beneficium
2636 3703 2770 3764 est:
2840 3703 2900 3762 ln

994 3807 1216 3880 Quint.
1254 3807 1440 3882 Vulg.
1481 3809 1530 3886 ³)

781 3915 818 3993 ξ
870 3916 929 3976 3.
1028 3913 1142 3976 Cl:
1195 3917 1261 3975 at
1311 3915 1481 3975 enim
1531 3918 1595 3979 te
1650 3914 1709 3974 in
1781 3913 2188 3991 disciplinam
2258 3930 2469 3974 meam
2538 3914 2903 3975 tradideras

565 4057 651 4065 —
686 4038 835 4082 nam
889 4021 976 4082 ita
1025 4020 1244 4082 dixisti
1283 4042 1403 4097 —;
1455 4020 1723 4082 domum
1775 4037 1985 4082 meam
2037 4020 2433 4082 ventitaras:
2472 4021 2661 4081 Arus,
2701 4021 2900 4081 Mess,

567 4126 678 4189 Gr.
732 4126 866 4189 Lat.
905 4126 1003 4188 Vll
1057 4145 1204 4206 pag.
1257 4128 1452 4210 5134.

780 4303 823 4374 1)
865 4302 1302 4360 Lindemannus
1343 4303 1546 4360 edidit:
1591 4303 1837 4359 exitum.

780 4392 824 4463 2)
866 4393 952 4448 ed.
994 4391 1060 4448 C.
1103 4393 1287 4449 l-lalm.

780 4481 824 4564 ⁸)
867 4481 1064 4562 Quint.
1107 4482 1230 4539 cod.
1276 4481 1365 4552 M;
1408 4486 1503 4539 est
1542 4481 1888 4550 beneficium
1933 4485 2040 4550 est.
